3692 5643
785 636 876 706 74
1475 662 1566 721 ΒΕ
1617 663 2124 711 ιΜΡΕΒΑτοΒνΜ
2178 661 2530 710 sms‘rvms

781 814 1022 886 centia
1042 839 1266 912 quam
1288 839 1584 912 sperare
1604 842 1752 888 non
1778 826 2165 914 potuerant
2188 826 2262 887 et
2280 840 2504 913 quam
2521 839 2783 886 omnes
2801 813 3229 913 prouinciae

781 938 1037 1011 eadem
1061 949 1293 1012 aetate
1333 965 1626 1011 summo
1670 938 1939 1038 gaudio
1979 937 2534 1012 admirabantur
2574 964 2590 1012 :
2643 964 2925 1011 sacram
2969 937 3227 1010 urbem

780 1072 1219 1163 restitutam,
1279 1084 1641 1163 ornatam,
1692 1083 1981 1145 auctam
2044 1058 2237 1147 dieo.
2301 1073 2443 1145 Illa
2491 1073 2693 1144 enim
2738 1066 2909 1171 ἔργα
2959 1071 3233 1170 quibus

783 1196 1083 1270 Pudens
1118 1198 1645 1270 frumentarius
1685 1198 2101 1296 praefectus
2139 1208 2322 1288 erat,
2363 1200 2499 1270 ὑπὸ
2542 1187 2907 1296 Ἀδριανοῦ
2935 1222 3232 1268 κατασ-

780 1328 1243 1428 κευαζὸμενα,
1346 1330 1532 1403 nihil
1562 1331 1763 1403 aliud
1816 1342 1988 1403 sunt
2057 1356 2279 1428 quam
2343 1331 2672 1429 porticus
2745 1330 3125 1402 etfontes-
3161 1327 3242 1400 et‘·

780 1453 1110 1527 aedificia
1171 1454 1442 1553 quibus
1492 1455 1767 1553 Pylaea
1813 1465 1990 1527 tuno
2034 1456 2400 1527 effloruit:
2484 1455 2666 1527 haec
2726 1454 2978 1527 omnia
3043 1452 3239 1524 uidit·

782 1578 1221 1651 Plutarchus
1278 1578 1556 1679 quippe
1592 1580 1722 1679 qui
1772 1579 2187 1679 prinoipem
2239 1578 2586 1653 laudibus
2619 1578 2979 1651 extulerit*
3021 1576 3233 1650 ouius

779 1701 1144 1776 beneficio
1161 1704 1373 1801 quasi
1393 1730 1644 1776 noum
1665 1705 1992 1803 populus
2014 1704 2325 1803 Delphis
2362 1703 2691 1780 adiectus
2720 1696 2919 1775 esset
2950 1705 2969 1748 ¹
2995 1732 3009 1775 ε
3046 1701 3237 1802 φιλῶ

778 1839 902 1910 τὸν
942 1835 1396 1935 καθηγεμόνα
1431 1837 1708 1933 ταύτης
1760 1845 1892 1933 τῆς
1936 1836 2300 1922 πολιτείας
2346 1836 2721 1936 γενόμενον
2760 1841 2935 1935 ἡμῖν
2989 1836 3110 1908 ’καὶ
3142 1837 3235 1908 τὰ

779 1959 1083 2034 πλεῖστα
1111 1961 1381 2035 τούτων
1432 1959 1963 2063 ἐκφροντίζοντα
2012 1962 2132 2034 καὶ
2166 1959 2820 2060 παρασκευάζοντα.
2857 1959 3237 2045 Quamob-

781 2111 937 2156 rem
980 2085 1057 2156 in
1092 2085 1213 2157 his
1251 2085 1721 2184 potissimum
1756 2087 1976 2159 annis·
2019 2098 2116 2176 et,
2153 2097 2235 2158 ut
2278 2087 2604 2185 pressius
2648 2087 2933 2184 loquar,
2977 2112 3042 2158 a.
3094 2086 3231 2157 119

782 2220 906 2281 aut
948 2210 1085 2282 120
1125 2210 1599 2283 collocauerit
1632 2212 1798 2310 quis
1843 2212 2169 2310 priorem
2219 2210 2611 2310 epistulam
2641 2209 2733 2283 ab
2796 2210 3107 2309 Delphis
3140 2209 3234 2281 ad

784 2324 1242 2397 Hadrianum
1283 2325 1583 2399 missam
1626 2351 1640 2399 :
1688 2327 1814 2399 sed
1856 2329 2045 2400 hano
2079 2327 2575 2400 coniecturam
2615 2326 2923 2398 minime
2960 2325 3234 2425 proba-

781 2448 1010 2523 bilem
1077 2475 1234 2522 esse
1291 2450 1481 2522 infra
1541 2451 2092 2524 demonstrabo.
2170 2451 2500 2523 Praestat
2569 2450 2794 2548 igitur
2876 2450 3232 2522 nonnulla

783 2574 1223 2647 documenta
1277 2601 1466 2673 quae
1524 2576 1945 2649 Hadrianus
2010 2577 2213 2649 misit
2254 2578 2602 2677 colligere
2642 2576 3232 2674 breuissimoque

784 2699 1319 2772 commentario
1350 2701 1764 2773 enucleare.
1826 2790 1830 2799 ,

882 2824 1219 2898 Primum
1263 2826 1383 2897 hic
1431 2828 1678 2898 locum
1723 2827 2058 2900 obtinere
2109 2828 2292 2900 mihi
2333 2829 2630 2901 uidetur
2668 2828 2978 2928 epistula
3012 2854 3235 2926 quae-

785 2948 953 3021 dam
984 2950 1194 3022 euius
1234 2952 1459 3023 altera
1497 2977 1666 3050 pars
1705 2978 1833 3024 sex
1877 2953 2279 3050 fragments
2316 2955 2344 2999 ²
2378 2964 2669 3026 seruata
2697 2963 2831 3026 est.
3199 2933 3204 2937 .

2164 3239 2176 3251 .
2225 3237 2239 3251 .
2277 3215 2305 3265 ς
2406 3185 2513 3273 [τὰ
2615 3185 2959 3273 ο]υν6ὂλαια
3058 3240 3074 3255 .
3124 3240 3137 3258 ,
3188 3240 3202 3253 .

2084 3300 2212 3387 ‘ebbe
2331 3301 2694 3369 Ἀπόλλωνα
2786 3313 2885 3369 τὀν
2988 3305 3213 3371 Πύθιον

2296 3471 2308 3483 .
2420 3434 2537 3485 εῖον
2639 3431 2764 3496 τοῖς
2880 3417 3216 3505 Ἀμφικτύ-

629 3528 744 3616 [οσι
2185 3532 2288 3619 τ]ὰ
2383 3543 2465 3620 τῷ
2559 3540 2858 3620 κεφαλαίῳ
2964 3561 3217 3621 προστε-

628 3645 828 3732 [θέντα
2181 3648 2348 3736 π]ερὶ
2415 3658 2529 3715 τῶν
2609 3652 2808 3728 ξενίων
2885 3654 3058 3716 πόθεν
3133 3656 3221 3716 δεῖ

2217 3764 2494 3852 fehta-:pov
2527 3771 2594 3832 ὲκ
2627 3775 2740 3831 τῶν
2763 3779 2862 3832 τοῦ
2908 3774 3040 3832 θεοῦ
3065 3794 3217 3853 χρη-

630 3876 855 3963 [μάτων
2267 3883 2440 3947 αὑτοῦ
2482 3887 2786 3968 πατρίδος,
2822 3887 2958 3968 περὶ
2984 3886 3217 3948 πάντων

1848 3994 2353 4082 διαγ]ν[ώσ]ομαι.
2421 3993 2767 4063 ‘Has-emerem
2814 4003 2875 4063 δὲ
2918 4003 3015 4062 καὶ
3057 3998 3219 4063 Θεσ-

632 4107 830 4195 [σαλοὶ
2051 4139 2122 4178 202
2214 4118 2608 4195 διανείμαντες
2638 4114 2709 4179 τὰ
2741 4122 3023 4199 χρήματα
3057 4115 3219 4179 αὐτοὶ

863 4371 913 4423 1.
955 4369 1039 4422 De
1068 4369 1246 4438 Pyth.
1281 4388 1437 4424 orac.
1463 4372 1553 4438 29,
1588 4389 1647 4442 p.
1676 4373 1775 4425 407
1810 4390 1861 4427 e.

860 4459 915 4512 2.
956 4457 1083 4512 NN.
1113 4458 1237 4525 575,
1273 4459 1430 4526 1363,
1459 4460 1617 4529 1854,
1650 4461 1774 4529 401,
1802 4461 1928 4527 841,
1964 4463 2122 4517 1096.
