3692 5643
1404 639 1787 686 CONCLVSIO
2780 614 2869 683 97

505 795 659 868 Sed
714 822 802 865 ex
868 795 1007 865 hoc
1071 792 1229 890 ipso
1303 792 1502 889 quod
1581 801 2132 890 componuntur
2194 790 2440 863 statim
2512 790 2874 888 quantum

413 921 758 991 differant
828 916 1150 990 dilucide
1227 916 1619 988 indicatur.
1687 916 1882 988 Nam
1970 915 2541 987 christianorum
2616 914 2877 1011 religio

416 1053 649 1143 paene
701 1054 874 1115 tunc
927 1041 1366 1114 nascebatur
1420 1051 1491 1112 et
1567 1067 1698 1139 per
1762 1040 2119 1112 ulteriora
2177 1040 2664 1111 saecula'sua
2735 1041 2880 1110 fata

421 1168 839 1268 peragenda
877 1165 1221 1238 habebat.
1251 1167 1309 1237 Γ
1314 1191 1574 1263 empus
1599 1175 1845 1237 autem
1882 1191 2029 1262 quo
2065 1164 2585 1262 Olympiorum
2612 1164 2878 1260 religio

387 1301 898 1365 euanesceret
968 1301 1184 1388 atque
1253 1291 1846 1388 exstingueretul
1926 1289 2586 1425 appropinquabat.
2662 1288 2881 1372 Qu'od

424 1418 678 1490 uidere
733 1443 881 1488 non
939 1425 1275 1515 poterant
1341 1414 1719 1487 Plutarchi
1767 1414 2110 1512 aequales
2170 1425 2242 1485 et
2302 1413 2429 1511 qui
2486 1423 2652 1512 post
2709 1417 2879 1484 eur'n

426 1542 828 1614 Antoninis
843 1539 1383 1639 imperantibus
1407 1540 1608 1611 fuere
1636 1554 1715 1611 ut
1747 1538 1876 1636 qui
1898 1538 2166 1610 iniuria
2189 1538 2330 1610 sibi
2352 1537 2882 1637 persuaderent

424 1665 552 1762 τὴν
609 1666 898 1765 πάτριον
939 1665 1055 1736 καὶ
1095 1663 1407 1736 παλαιὰν
1452 1665 1680 1736 πίστιν
1761 1687 1802 1732 a
1869 1663 2044 1735 Deis
2138 1663 2380 1735 datam
2461 1665 2701 1761 neque
2789 1662 2882 1734 ab
2972 1689 2978 1695 ·

433 1793 576 1863 ulla
609 1802 813 1890 parte
854 1788 1431 1888 impugnandam
1475 1815 1631 1860 esse
1658 1790 1704 1859 ¹.
1745 1789 1940 1885 Ergo
1962 1789 2514 1885 caueatquisne
2538 1787 2884 1858 omnibus

429 1916 578 1989 illis
647 1914 1076 1987 hominibus
1148 1925 1218 1986 ct
1291 1914 1801 1984 Romanorum
1872 1913 2299 2010 imperatori
2376 1911 2594 1982 simul
2666 1922 2883 2009 atque

430 2040 793 2113 uilissimo
871 2039 1367 2135 θαυματοποιεῖ)
1423 2040 1536 2109 uel
1624 2037 2160 2136 praestigiatori
2235 2038 2357 2135 qui
2461 2036 2884 2134 delphicum

432 2165 834 2238 sacrarium
915 2189 1206 2235 summo
1288 2190 1456 2235 cum
1538 2162 1781 2234 studio
1854 2162 2174 2260 amplexi
2246 2171 2417 2232 sunt
2491 2178 2885 2233 commune

432 2288 825 2362 consilium
873 2289 1149 2360 tribuat
1202 2288 1411 2386 quasi
1465 2288 1827 2385 templum
1879 2286 2201 2358 densatis
2255 2285 2642 2358 ordinibus
2693 2286 2885 2358 tueri

438 2415 832 2486 noluerint.
881 2413 1364 2484 Documentis
1400 2412 1597 2483 'enim
1630 2411 1813 2484 nihil
1846 2412 2174 2483 adfertur
2203 2411 2400 2509 quod
2443 2411 2730 2482 somnia
2764 2411 2889 2482 illa

435 2565 610 2611 uera
708 2539 1030 2610 euasisse
1114 2536 1477 2623 ostendat,
1562 2546 1633 2607 et
1720 2528 1960 2634 reipsa
2042 2536 2411 2634 Apollinis
2494 2545 2887 2607 sectatores

436 2665 773 2736 consulto
825 2662 1190 2745 adversus*
1234 2663 1523 2734 hostem
1591 2688 1741 2733 non
1809 2688 1967 2732 sese
2036 2660 2597 2758 congregauisse
2659 2661 2893 2758 liquet

437 2815 658 2888 quem
701 2786 1102 2860 admodum
1134 2785 1586 2859 nesciebant.

534 2914 1134 3011 Vniuscuiusque
1178 2912 1284 2984 rei
1323 2914 1694 2983 humanae
1736 2913 1852 2983 lex
1891 2922 1999 2983 est·
2057 2922 2135 2982 ut
2185 2922 2551 3002 nascatur,
2614 2911 2885 3008 uigeat,

441 3051 718 3138 pereat.
763 3038 906 3110 Sed
947 3048 1023 3108 ut
1070 3038 1150 3108 fit
1193 3037 1266 3107 in
1312 3036 1591 3108 morbis
1635 3037 1906 3135 quibus
1942 3036 2274 3134 corporis
2319 3036 2515 3107 uires
2548 3062 2696 3106 non
2744 3062 2893 3107 uno
2984 3125 2989 3130 ἡ

442 3165 589 3236 ictu
685 3165 951 3235 fractae
1058 3163 1508 3247 ceciderunt,
1598 3161 2146 3233 imminuuntur
2225 3173 2470 3233 autem
2548 3162 2623 3232 in
2709 3160 2889 3250 dies,

444 3291 873 3388 priusquam
912 3288 985 3359 in
1026 3299 1321 3360 noctem
1364 3287 1708 3359 illabatur
1744 3286 2239 3358 moribundus
2269 3287 2478 3385 quasi
2513 3287 2899 3384 inexspec-

446 3425 594 3486 tato
643 3413 924 3511 impetu
974 3414 1288 3511 resurgit
1339 3425 1407 3484 et
1466 3412 1971 3511 semetipsum*
2000 3422 2072 3483 et
2119 3438 2292 3484 suos
2347 3412 2646 3510 decipit,
2702 3424 2780 3483 ut
2839 3411 2897 3483 si

447 3540 598 3611 uita
667 3565 900 3637 paene
963 3539 1224 3609 ultimo
1275 3536 1561 3609 animae
1637 3538 1804 3608 nisu
1874 3549 2306 3623 reuocetur;
2387 3537 2490 3608 ita
2565 3536 2898 3636 delphica

448 3664 705 3762 religio
747 3689 933 3760 quae
981 3674 1372 3759 antequam
1409 3663 1784 3759 Augustus
1834 3689 2083 3734 rerum
2138 3662 2501 3760 potiretur
2561 3662 2900 3758 langues-

448 3789 685 3877 cebat,
709 3788 1022 3859 Traiano
1047 3786 1426 3858 Hadriano
1452 3787 1700 3858 Marco
1718 3786 2252 3885 imperantibus
2274 3787 2518 3858 denuo
2542 3787 2861 3858 effloruit
2883 3813 2898 3876 3

452 3913 651 4012 quod
730 3923 928 3984 certo
1006 3912 1590 3983 demonstratum
1667 3922 1797 3985 est.
1877 3914 1963 3983 In
2035 3913 2214 4011 ipsis
2287 3922 2532 3984 autem
2599 3912 2906 3984 floribus

424 4035 760 4109 'minime
811 4038 1131 4109 latebant
1188 4038 1392 4135 signa
1451 4036 1722 4134 quibus
1769 4037 2084 4108 indicari
2130 4038 2371 4135 potuit
2422 4064 2708 4109 moram
2758 4064 2904 4109 non

457 4162 877 4236 diuturnam
924 4163 1245 4234 futuram
1296 4173 1367 4233 et
1423 4162 1701 4260 aliquid
1750 4162 2131 4260 temporis,
2189 4173 2268 4233 ut
2326 4147 2441 4234 ita·
2481 4162 2747 4253 dicam,
2817 4163 2907 4235 ad

523 4453 565 4499 1.
604 4447 684 4498 Cf.
705 4447 940 4510 insignia
968 4446 1239 4496 Plutarchi
1268 4446 1432 4495 verba
1461 4438 1701 4497 Amator.
1722 4464 1768 4497 c.
1801 4453 1873 4508 13,
1904 4465 1954 4511 p.
1992 4454 2078 4496 756
2106 4450 2163 4498 B.
