3692 5643
1199 655 1287 702 DE
1340 655 1845 703 IMPERATORVM
1899 658 2253 706 EPISTVLIS
2859 635 2953 707 65

590 800 708 872 Ad
738 802 1215 872 DoM1T1ANvM
1252 799 1606 897 quoniam
1639 802 2144 898 peruenimus,
2179 801 2506 900 primum
2538 828 2956 905 memoran-

490 925 627 997 dus
674 936 784 997 est
828 924 1086 996 titulus
1135 943 1358 1022 quem
1405 951 1495 996 ex
1544 924 1809 1022 uiginti
1858 924 2292 1023 fragmentis
2348 954 2389 999 a
2436 953 2555 998 me
2605 928 2954 998 collatum

491 1049 767 1149 publici
816 1049 998 1120 iuris
1045 1049 1221 1121 fecit
1274 1050 1356 1122 T.
1402 1049 1751 1143 Homolle
1795 1049 2014 1125 BCH
2054 1052 2194 1122 XX
2228 1055 2298 1150 p.
2336 1052 2487 1122 -717
2538 1050 2732 1150 (inde
2790 1051 2954 1123 CIL

491 1175 630 1261 ΙΙΙ,
680 1174 754 1247 S.
816 1175 1081 1261 14203,
1133 1173 1284 1270 24).
1337 1173 1505 1258 Quo
1554 1174 1959 1272 imperator
2003 1156 2409 1273 magnifice*
2442 1176 2827 1274 profitetur
2878 1202 2954 1248 se
3027 1186 3029 1190 ‘

492 1326 556 1371 a.
592 1301 688 1370 84
728 1330 760 1365 «
799 1299 1161 1396 templum
1193 1298 1565 1397 Apollinis
1595 1325 1726 1371 sua
1769 1299 2106 1397 impensa
2144 1302 2160 1345 ¹
2203 1300 2544 1372 refecisse
2588 1331 2651 1373 ».
2693 1300 2952 1389 Totam

495 1449 668 1496 sane
710 1423 969 1494 aedem
1008 1433 1184 1494 tunc
1221 1422 1699 1495 instauratam
1741 1450 1900 1495 esse
1941 1450 2160 1496 nemo
2207 1424 2473 1523 estqui
2510 1424 2782 1513 credat,
2827 1425 2956 1497 sed

495 1547 678 1633 mihi
722 1546 1022 1645 quidem
1072 1544 1303 1618 unum
1343 1546 1642 1618 uidetur
1686 1547 2119 1621 Domitiano
2173 1548 2402 1620 tribui
2459 1576 2702 1648 posse,
2756 1549 2956 1647 quod

495 1671 747 1770 templi
788 1698 958 1770 pars
994 1671 1315 1743 exterior
1351 1672 1736 1769 paululum
1784 1683 2229 1745 commutata
2276 1673 2393 1747 sit.

593 1796 931 1869 Coronae
970 1796 1196 1885 enim,
1240 1822 1461 1894 quam
1503 1796 1784 1886 dicunt,
1826 1823 2285 1870 marmoreae
2330 1800 2740 1896 fragmenta
2772 1825 2955 1872 non-

496 1921 698 1992 nulla
739 1920 1089 1992 nouimus
1133 1920 1278 1992 iam
1320 1931 1390 1991 et
1433 1921 1647 2018 plura
1687 1947 1859 1994 mox
1889 1921 2446 1995 numerabimus
2478 1949 2666 2021 quae
2708 1923 2958 1996 omnia

497 2035 686 2118 circa
719 2048 762 2118 Ο
785 2071 883 2116 m.
922 2046 1144 2115 28-29
1167 2045 1314 2116 alta
1346 2055 1518 2116 sunt
1549 2072 2018 2144 quorumque
2045 2057 2250 2119 torus
2285 2047 2361 2119 in
2385 2047 2703 2120 eundem
2732 2057 2960 2120 astra-

401 2228 406 2234 .
496 2169 639 2265 gali
706 2168 1011 2241 modum
1068 2167 1528 2242 incuruatur.
1594 2171 1680 2241 In
1753 2169 2045 2242 duobus
2112 2182 2355 2244 autem
2421 2172 2743 2244 incisum
2804 2182 2959 2244 erat

495 2293 751 2393 populi
782 2292 1102 2391 delphici
1134 2291 1515 2365 decretum
1547 2320 1695 2392 quo
1731 2295 2115 2393 prouisum
2156 2306 2312 2368 erat
2336 2307 2416 2367 ut
2447 2322 2954 2395 quaecumque

495 2418 849 2517 epistulae
909 2416 998 2489 de
1063 2416 1354 2516 Pythiis
1425 2418 1690 2490 missae
1759 2429 2006 2491 essent
2071 2419 2652 2493 inscriberentur
2684 2424 2736 2493 ².
2809 2421 2967 2494 Sed³

495 2569 956 2615 marmoreus
1037 2569 1295 2614 murus
1378 2542 1689 2641 Delphis
1764 2544 2010 2617 nullus
2079 2556 2497 2618 asseruatur
2589 2570 2603 2618 :
2695 2572 2958 2618 reuera

498 2667 978 2766 epistularum
1050 2666 1344 2739 illarum
1416 2667 1826 2765 fragmenta
1906 2670 2277 2767 permulta
2351 2697 2438 2742 ex
2510 2670 2754 2769 lapide
2806 2670 2959 2743 cal-

500 2791 699 2865 cario
755 2801 1120 2866 constant.
1185 2791 1382 2889 Ergo
1430 2790 1951 2891 probabilitate
2006 2820 2149 2866 non
2207 2794 2640 2867 destitutum
2694 2795 2959 2896 opinor

501 2944 1001 3011 marmoreum
1054 2918 1253 2990 hunc
1310 2927 1556 2989 torum
1601 2918 1806 3014 quasi
1860 2917 2136 3017 θριγκόν
2186 2920 2414 3015 fuisse
2468 2946 2688 3019 super
2725 2924 2959 2994 calca-

501 3042 691 3114 rium
727 3041 1123 3140 quemdam
1156 3067 1453 3113 murum
1483 3042 1940 3139 impositum.
1975 3042 2191 3127 Quod
2228 3044 2744 3116 confirmatum
2772 3056 2960 3118 esset

500 3193 741 3264 neque
803 3166 953 3238 ullo
1012 3166 1235 3238 modo
1292 3165 1528 3238 refelli
1585 3177 1859 3265 posset,
1915 3167 1977 3239 si
2049 3168 2361 3266 epistula
2418 3168 2800 3242 cuiusdam
2867 3170 2958 3242 ab

503 3290 882 3364 Hadriano
945 3285 1238 3379 missae,
1303 3291 1511 3363 cuius
1577 3291 1903 3382 initium¹
1952 3317 2103 3363 uno
2168 3319 2257 3363 ex
2315 3293 2462 3365 illis
2529 3293 2960 3366 marmoreis

501 3416 930 3514 fragmentis
969 3419 994 3461 3
1031 3415 1249 3488 nobis
1295 3415 1644 3487 traditum
1687 3426 1819 3505 est,
1872 3416 2095 3488 finem
2136 3417 2213 3489 in
2259 3417 2590 3505 calc-ariis
2628 3419 2959 3514 frustulis

500 3540 1070 3613 inuenissemuS.
1135 3539 1483 3611 Nondum
1539 3566 1712 3612 sane
1766 3551 2051 3613 certum
2117 3551 2221 3613 est
2271 3542 2374 3615 sic
2427 3543 2960 3615 documentum

502 3664 957 3753 continuari,
1010 3664 1136 3736 sed
1178 3664 1457 3763 lapides
1481 3665 1693 3762 ipsos
1740 3665 2175 3738 consulendi
2222 3693 2430 3765 spem
2470 3694 2618 3739 non
2659 3667 2898 3740 abieci
2940 3690 2955 3739 ε

503 3815 822 3886 quorum
863 3788 1117 3887 utique
1151 3788 1576 3872 testimonio
1620 3815 1738 3862 res
1778 3790 2256 3862 confirmetur
2291 3801 2604 3890 oportet.

601 3914 713 3985 Ex
744 3913 976 3985 altera
1010 3923 1214 4011 parte
1242 3912 1675 3985 iamdudum
1705 3913 1960 3985 notaui
1993 3915 2018 3961 4
2049 3915 2124 3985 in
2149 3913 2418 3987 tabulis
2453 3942 2960 4014 naopoeorum

578 4093 627 4145 1.
672 4092 924 4145 Litterae
954 4092 1011 4146 M
1039 4091 1290 4162 uestigia
1317 4092 1378 4143 in
1405 4092 1689 4145 incertum
1718 4093 1980 4145 reuocari
2007 4111 2122 4147 non
2152 4099 2422 4164 possunt.

573 4183 624 4235 2.
672 4180 1080 4234 Haussoullier
1139 4180 1300 4234 BCH
1355 4181 1430 4233 VI
1490 4198 1544 4251 p.
1595 4183 1719 4247 452,
1763 4199 1820 4236 n.
1869 4182 1970 4249 833
2017 4183 2282 4235 Pomtow
2335 4183 2634 4253 Beitraeye
2679 4201 2735 4254 p.
2785 4185 2851 4236 10
2903 4189 2963 4238 et

507 4269 627 4323 tab.
650 4269 780 4323 XIV
809 4270 896 4322 40.

578 4359 628 4413 3.
673 4358 781 4427 Id„
813 4357 981 4426 ibid„
1015 4376 1112 4430 pp.
1137 4359 1321 4425 452-3,
1349 4377 1407 4413 ῐι.
1440 4359 1529 4414 84.

578 4447 630 4503 4.
673 4448 774 4499 Ex.
810 4466 866 4519 g.
894 4447 1053 4501 BCH
1081 4448 1260 4500 XXVI
1287 4467 1343 4522 p.
1374 4449 1461 4500 39.
