3692 5643
749 639 842 710 66
1462 661 1549 707 DE
1603 660 2113 708 lMPERA‘ronM
2168 663 2522 712 Erlsrvms

751 822 1181 923 saepissime
1223 824 1485 920 πούρου
1535 824 1653 894 1161
1691 822 1814 894 tofi
1859 823 2310 896 mentionem
2349 825 2537 913 fieri,
2574 852 2939 924 nusquam
2972 836 3216 898 autem

753 947 1078 1021 calearii.
1128 946 1310 1018 Inde
1365 945 1789 1035 dubitanter
1834 948 2049 1045 posui
2088 948 2160 1018 in
2213 949 2452 1047 longis
2490 950 2718 1022 cellae
2755 951 2991 1022 muris
3031 977 3219 1048 quos

753 1070 1000 1167 σκέλη.
1031 1070 1306 1171 Delphi
1344 1070 1710 1147 uocabant
1744 1071 2096 1144 inferiora
2134 1082 2419 1145 tantum
2453 1074 2781 1173 lapidum
2820 1074 3091 1147 cubilia
3131 1103 3219 1146 ex

752 1195 1106 1283 calcari0‚
1173 1195 1554 1295 superiora
1600 1222 1779 1268 uero
1826 1223 1917 1268 ex
1972 1196 2123 1268 tofo
2186 1197 2625 1271 constitisse.
2697 1199 2904 1272 Haeo
2969 1198 3220 1271 omnia

756 1319 1100 1419 quamuis
1140 1319 1214 1391 in
1255 1318 1782 1392 breuissimum
1819 1320 1941 1393 hic
1980 1321 2124 1393 sint
2165 1321 2458 1395 redacta
2498 1323 2559 1394 si
2596 1323 3023 1412 contuleris,
3069 1349 3216 1420 quo

753 1445 1055 1517 tendam
1097 1445 1308 1517 facile
1345 1444 1751 1544 intelleges.
1791 1445 2160 1517 Nimirum
2207 1458 2385 1545 puto
2435 1447 2845 1520 Domitiani
2883 1458 3217 1546 tempore

756 1595 1258 1641 marmoreum
1302 1569 1511 1641 illum
1551 1580 1798 1641 torum
1842 1570 2202 1642 insertum
2243 1597 2401 1642 esse
2442 1571 2519 1642 in
2564 1571 2895 1643 infimam
2930 1581 3214 1671 partem

748 1693 960 1766 tofini
992 1693 1255 1766 cubilis
1294 1692 1492 1792 quod
1532 1693 1902 1766 eubilibus
1936 1694 2267 1766 calcariis
2308 1694 2643 1793 proxime
2685 1695 3218 1794 superimposi-

753 1828 912 1890 tum
967 1828 1142 1891 erat.
1203 1820 1460 1916 Neque
1507 1818 1722 1889 altior
1782 1844 2004 1916 quam
2053 1820 2194 1891 tria
2249 1830 2484 1891 metra
2551 1820 3049 1893 aestimandus
3109 1831 3218 1893 est

754 1950 953 2013 totus
1018 1942 1375 2015 calcarius
1450 1969 1740 2032 murus,
1810 1942 2411 2041 quandoquidem
2481 1944 2766 2017 litterae
2842 1945 2979 2016 sub
3050 1956 3217 2045 ,toro

751 2065 1161 2165 insculptae
1186 2066 1278 2138 ab
1302 2065 1728 2138 hominibus
1754 2066 1827 2137 in
1863 2067 2292 2165 pauimento
2321 2066 2797 2167 περιστάσεως
2832 2067 3218 2141 ambulan-

757 2191 953 2264 tibus
992 2190 1138 2288 legi
1181 2182 1544 2289 poterant.

850 2319 950 2388 At
984 2315 1180 2388 dicet
1210 2316 1577 2414 quispiam
1607 2316 1683 2386 in
1721 2315 1849 2387 illo
1880 2315 2341 2414 Delphorum
2381 2318 2678 2390 decreto
2709 2317 2909 2417 quod
2941 2345 3217 2418 nuper-

751 2440 938 2512 rime
970 2439 1180 2512 attuli
1210 2440 1440 2512 uerba
1470 2447 1565 2523 εἰς
1608 2440 1757 2537 (1161
1798 2434 1887 2533 ἐν)
1919 2438 2039 2514 τὸν
2072 2441 2586 2539 ἐπισημότατον
2633 2434 2894 2539 [τόπον.
2917 2498 2965 2512 ..
3007 2449 3101 2515 ἐν.
3123 2499 3136 2512 .
3160 2435 3210 2540 .]

754 2562 1027 2638 στάλαν
1071 2564 1481 2637 certissima
1529 2589 1725 2651 esse;
1785 2590 2101 2662 quorum
2161 2566 2533 2650 ultimum,
2579 2566 2868 2638 etiamsi
2917 2568 3217 2666 supple-

756 2699 1088 2760 mentum
1140 2686 1926 2761 )uflivoev'abioiendum
1972 2690 2543 2780 esse-uideatur,
2595 2691 3080 2764 nihilominus
3123 2692 3214 2763 de
3292 2704 3300 2712 '

758 2812 991 2886 muris
1026 2813 1284 2912 templi
1323 2812 1451 2885 uix
1498 2813 1827 2912 intellegi
1866 2841 2108 2913 posse.
2150 2814 2431 2890 Verum
2470 2817 2610 2889 hoo
2651 2815 2950 2915 quidem
2995 2843 3215 2915 argu-

757 2949 1012 3012 mento
1070 2939 1317 3011 minus
1371 2939 1683 3011 efficitur
1735 2966 1956 3037 quam
2009 2938 2174 3036 quis
2224 2940 2466 3039 primo
2520 2941 2867 3040 adspectu
2926 2941 3212 3033 credat,

757 3090 931 3136 nam
991 3062 1253 3135 eodem
1308 3063 1529 3136 modo
1592 3063 1998 3136 dicuntur1
2060 3064 2530 3138 inscribenda
2593 3075 2853 3165 ταμιᾶν
2913 3065 3218 3138 nomina

757 3203 828 3268 ἐν
873 3193 1138 3291 στήλη(
1188 3223 1412 3294 (1116111
1453 3223 1603 3268 11011
1641 3198 1901 3285 solam,
1934 3197 2059 3270 sed
2098 3225 2327 3270 unum
2368 3224 2457 3270 ex
2496 3198 2693 3271 illius
2728 3199 2923 3270 muri
2952 3199 3217 3298 lapidi—

757 3320 895 3393 bus
947 3320 1172 3392 fuisse
1223 3321 1640 3419 accepimus
1700 3347 1848 3419 quo
1905 3321 2344 3419 tegebantur
2387 3322 2865 3396 fundamenta
2925 3324 3209 3422 templi.

729 3419 970 3516 'Adde
1015 3444 1215 3542 quod
1269 3445 1536 3544 Delphi
1581 3445 1757 3516 dum
1797 3445 2174 3517 decretum
2216 3446 2399 3517 illud
2438 3447 2917 3519 incidendum
2957 3458 3219 3520 curant

753 3595 903 3640 non
942 3568 1372 3667 praeuidere
1407 3578 1748 3667 poterant
1786 3580 1967 3668 quot
2008 3571 2356 3669 epistulas
2402 3571 2825 3644 Hadrianus
2865 3583 2937 3644 et
2980 3574 3216 3643 Anto-

757 3692 916 3764 nini
958 3718 1128 3763 oum
1178 3692 1267 3764 de
1312 3693 1473 3764 aliis
1527 3693 1746 3765 rebus
1792 3702 1951 3764 tum
2000 3694 2322 3766 maxime
2378 3695 2467 3766 de
2521 3694 2813 3793 Pythiis
2865 3695 3215 3794 scripturi

758 3828 1026 3889 essent.
1067 3818 1324 3914 Neque
1366 3817 1560 3889 obici
1597 3828 1838 3917 potest
1879 3818 1955 3889 in
1995 3845 2143 3891 uno
2194 3819 2611 3916 fragmento
2662 3847 2737 3891 n.
2785 3821 2972 3892 1285
3013 3819 3214 3918 quod

758 3940 1020 4013 eodem
1054 3951 1215 4013 toro
1251 3941 1502 4013 finitur
1530 3942 1806 4013 litteras
1840 3944 2353 4017 tantummodo
2379 3946 2422 4015 Ο
2445 3970 2545 4014 111.
2575 3945 2716 4016 006
2739 3945 2922 4016 altas
2954 3945 3206 4016 fuisse.

758 4066 948 4137 Nam
1001 4092 1091 4136 ex
1148 4091 1235 4136 eo
1284 4065 1482 4163 quod
1536 4065 1799 4164 lapidis
1848 4093 2144 4166 quoque
2192 4094 2582 4140 mensurae
2643 4068 2967 4140 minores
3011 4078 3206 4156 sunt,

832 4372 880 4423 1.
924 4369 987 4421 In
1019 4370 1186 4422 titulo
1220 4387 1393 4439 quem
1428 4370 1714 4441 descripsi
1744 4371 2093 4425 Administr.
2143 4372 2353 4441 finano.
2383 4374 2460 4426 du
2507 4380 2686 4427 sanct.
2724 4373 2896 4443 pylh.
2946 4372 3201 4443 append.

759 4459 872 4513 col.
906 4458 949 4525 1,
984 4476 1039 4512 u,
1072 4458 1155 4511 14.
