<?xml version="1.0" encoding="UTF-8"?>
<!DOCTYPE html PUBLIC "-//W3C//DTD XHTML 1.0 Transitional//EN"
    "http://www.w3.org/TR/xhtml1/DTD/xhtml1-transitional.dtd">
<html xmlns="http://www.w3.org/1999/xhtml" xml:lang="en" lang="en">
 <head>
  <title>
</title>
<meta http-equiv="Content-Type" content="text/html;charset=utf-8" />
  <meta name='ocr-system' content='tesseract 3.04.00' />
  <meta name='ocr-capabilities' content='ocr_page ocr_carea ocr_par ocr_line ocrx_word'/>
</head>
<body>
  <div class='ocr_page' id='page_1' title='image "./derebusdelphici01bourgoog_0031.png"; bbox 0 0 3692 5643; ppageno 0'>
   <div class='ocr_carea' id='block_1_1' title="bbox 1253 677 2795 751">
    <p class='ocr_par' dir='ltr' id='par_1_1' title="bbox 1253 677 2795 751">
     <span class='ocr_line' id='line_1_1' title="bbox 1253 677 2795 751; baseline 0 -3"><span class='ocrx_word' id='word_1_1' title='bbox 1253 704 1341 748; x_wconf 83' lang='lat' dir='ltr'>DE</span> <span class='ocrx_word' id='word_1_2' title='bbox 1393 702 1890 751; x_wconf 77' lang='lat' dir='ltr'>ARCHON&#39;nBvs</span> <span class='ocrx_word' id='word_1_3' title='bbox 2702 677 2795 748; x_wconf 82' lang='lat'>23</span> 
     </span>
    </p>
   </div>
   <div class='ocr_carea' id='block_1_2' title="bbox 1692 861 2764 955">
    <p class='ocr_par' dir='ltr' id='par_1_2' title="bbox 1692 861 2764 955">
     <span class='ocr_line' id='line_1_2' title="bbox 1692 861 2764 955; baseline -0.002 -33"><span class='ocrx_word' id='word_1_4' title='bbox 1692 868 1695 877; x_wconf 90' lang='lat'>&#39;</span> <span class='ocrx_word' id='word_1_5' title='bbox 1805 861 2126 935; x_wconf 73' lang='grc' dir='ltr'>βουλευόν-</span> <span class='ocrx_word' id='word_1_6' title='bbox 2731 928 2764 955; x_wconf 40' lang='lat'><em>⁶</em></span> 
     </span>
    </p>
   </div>
   <div class='ocr_carea' id='block_1_3' title="bbox 785 971 2346 1061">
    <p class='ocr_par' dir='ltr' id='par_1_3' title="bbox 785 971 2346 1061">
     <span class='ocr_line' id='line_1_3' title="bbox 785 971 2346 1061; baseline -0.001 -20"><span class='ocrx_word' id='word_1_7' title='bbox 785 978 949 1054; x_wconf 84' lang='grc' dir='ltr'>[των]</span> <span class='ocrx_word' id='word_1_8' title='bbox 978 971 1375 1061; x_wconf 77' lang='grc' dir='ltr'>(Δ)άμω[νος]</span> <span class='ocrx_word' id='word_1_9' title='bbox 1422 987 1524 1040; x_wconf 77' lang='grc' dir='ltr'>τοῦ</span> <span class='ocrx_word' id='word_1_10' title='bbox 1578 974 1989 1058; x_wconf 78' lang='grc' dir='ltr'>Πολεμάρχου</span> <span class='ocrx_word' id='word_1_11' title='bbox 2038 977 2160 1052; x_wconf 57' lang='lat' dir='ltr'>mast</span> <span class='ocrx_word' id='word_1_12' title='bbox 2213 1025 2346 1041; x_wconf 91' lang='grc'><strong>.....</strong></span> 
     </span>
    </p>
   </div>
   <div class='ocr_carea' id='block_1_4' title="bbox 287 1156 2854 3099">
    <p class='ocr_par' dir='ltr' id='par_1_4' title="bbox 336 1156 2795 2005">
     <span class='ocr_line' id='line_1_4' title="bbox 438 1156 2794 1257; baseline 0.001 -27"><span class='ocrx_word' id='word_1_13' title='bbox 438 1158 557 1230; x_wconf 90' lang='lat' dir='ltr'>Ad</span> <span class='ocrx_word' id='word_1_14' title='bbox 601 1185 825 1257; x_wconf 90' lang='lat' dir='ltr'>quem</span> <span class='ocrx_word' id='word_1_15' title='bbox 863 1158 1087 1257; x_wconf 93' lang='lat' dir='ltr'>primi</span> <span class='ocrx_word' id='word_1_16' title='bbox 1140 1157 1414 1230; x_wconf 89' lang='lat' dir='ltr'>saeculi</span> <span class='ocrx_word' id='word_1_17' title='bbox 1465 1183 1745 1229; x_wconf 90' lang='lat' dir='ltr'>annum</span> <span class='ocrx_word' id='word_1_18' title='bbox 1799 1156 2313 1254; x_wconf 89' lang='lat' dir='ltr'>Pythodorum</span> <span class='ocrx_word' id='word_1_19' title='bbox 2366 1160 2794 1232; x_wconf 90' lang='lat' dir='ltr'>archontem</span> 
     </span>
     <span class='ocr_line' id='line_1_5' title="bbox 336 1280 2795 1382; baseline 0.001 -28"><span class='ocrx_word' id='word_1_20' title='bbox 336 1280 654 1354; x_wconf 84' lang='lat' dir='ltr'>referam</span> <span class='ocrx_word' id='word_1_21' title='bbox 695 1281 972 1355; x_wconf 90' lang='lat' dir='ltr'>nescio.</span> <span class='ocrx_word' id='word_1_22' title='bbox 1010 1283 1198 1354; x_wconf 92' lang='lat' dir='ltr'>Nam</span> <span class='ocrx_word' id='word_1_23' title='bbox 1235 1281 1529 1354; x_wconf 83' lang='lat' dir='ltr'>Damon</span> <span class='ocrx_word' id='word_1_24' title='bbox 1571 1281 2038 1354; x_wconf 89' lang='lat' dir='ltr'>Polemarchi</span> <span class='ocrx_word' id='word_1_25' title='bbox 2058 1282 2112 1354; x_wconf 89' lang='lat' dir='ltr'>f.</span> <span class='ocrx_word' id='word_1_26' title='bbox 2139 1281 2337 1353; x_wconf 91' lang='lat' dir='ltr'>idem</span> <span class='ocrx_word' id='word_1_27' title='bbox 2369 1308 2525 1355; x_wconf 90' lang='lat' dir='ltr'>esse</span> <span class='ocrx_word' id='word_1_28' title='bbox 2555 1293 2795 1382; x_wconf 89' lang='lat' dir='ltr'>potest</span> 
     </span>
     <span class='ocr_line' id='line_1_6' title="bbox 340 1405 2795 1505; baseline 0 -27"><span class='ocrx_word' id='word_1_29' title='bbox 340 1416 559 1505; x_wconf 90' lang='lat' dir='ltr'>atque</span> <span class='ocrx_word' id='word_1_30' title='bbox 597 1405 939 1479; x_wconf 83' lang='lat' dir='ltr'>sacerdos</span> <span class='ocrx_word' id='word_1_31' title='bbox 977 1405 1100 1477; x_wconf 90' lang='lat' dir='ltr'>ille</span> <span class='ocrx_word' id='word_1_32' title='bbox 1137 1432 1357 1504; x_wconf 92' lang='lat' dir='ltr'>quem</span> <span class='ocrx_word' id='word_1_33' title='bbox 1390 1432 1525 1504; x_wconf 90' lang='lat' dir='ltr'>per</span> <span class='ocrx_word' id='word_1_34' title='bbox 1565 1405 1876 1504; x_wconf 82' lang='lat' dir='ltr'>primam</span> <span class='ocrx_word' id='word_1_35' title='bbox 1907 1406 2181 1477; x_wconf 86' lang='lat' dir='ltr'>saeculi</span> <span class='ocrx_word' id='word_1_36' title='bbox 2208 1416 2493 1505; x_wconf 89' lang='lat' dir='ltr'>partem</span> <span class='ocrx_word' id='word_1_37' title='bbox 2523 1434 2795 1479; x_wconf 89' lang='lat' dir='ltr'>munus</span> 
     </span>
     <span class='ocr_line' id='line_1_7' title="bbox 336 1529 2794 1629; baseline 0.001 -26"><span class='ocrx_word' id='word_1_38' title='bbox 336 1531 888 1627; x_wconf 83' lang='lat' dir='ltr'>continuauisse</span> <span class='ocrx_word' id='word_1_39' title='bbox 929 1531 1349 1629; x_wconf 90' lang='lat' dir='ltr'>accepimus</span> <span class='ocrx_word' id='word_1_40' title='bbox 1382 1532 1433 1617; x_wconf 84' lang='lat'>¹,</span> <span class='ocrx_word' id='word_1_41' title='bbox 1484 1530 1613 1602; x_wconf 85' lang='lat' dir='ltr'>sed</span> <span class='ocrx_word' id='word_1_42' title='bbox 1660 1530 1846 1601; x_wconf 90' lang='lat' dir='ltr'>nihil</span> <span class='ocrx_word' id='word_1_43' title='bbox 1898 1529 2211 1629; x_wconf 85' lang='lat' dir='ltr'>impedit</span> <span class='ocrx_word' id='word_1_44' title='bbox 2261 1557 2353 1602; x_wconf 91' lang='lat' dir='ltr'>ne</span> <span class='ocrx_word' id='word_1_45' title='bbox 2394 1531 2794 1605; x_wconf 89' lang='lat' dir='ltr'>sacerdotis</span> 
     </span>
     <span class='ocr_line' id='line_1_8' title="bbox 337 1654 2794 1755; baseline 0.001 -28"><span class='ocrx_word' id='word_1_46' title='bbox 337 1667 684 1755; x_wconf 83' lang='lat' dir='ltr'>nepotem</span> <span class='ocrx_word' id='word_1_47' title='bbox 707 1656 786 1728; x_wconf 93' lang='lat' dir='ltr'>in</span> <span class='ocrx_word' id='word_1_48' title='bbox 811 1657 952 1729; x_wconf 96' lang='lat' dir='ltr'>hoc</span> <span class='ocrx_word' id='word_1_49' title='bbox 998 1655 1187 1728; x_wconf 88' lang='lat' dir='ltr'>sicut</span> <span class='ocrx_word' id='word_1_50' title='bbox 1208 1656 1287 1727; x_wconf 92' lang='lat' dir='ltr'>in</span> <span class='ocrx_word' id='word_1_51' title='bbox 1304 1654 1907 1733; x_wconf 84' lang='lat' dir='ltr'>manumissionis</span> <span class='ocrx_word' id='word_1_52' title='bbox 1936 1655 2257 1754; x_wconf 89' lang='lat' dir='ltr'>quodam</span> <span class='ocrx_word' id='word_1_53' title='bbox 2280 1656 2727 1730; x_wconf 89' lang='lat' dir='ltr'>documento</span> <span class='ocrx_word' id='word_1_54' title='bbox 2767 1658 2794 1702; x_wconf 69' lang='lat'>‘²</span> 
     </span>
     <span class='ocr_line' id='line_1_9' title="bbox 338 1779 2791 1885; baseline 0.001 -34"><span class='ocrx_word' id='word_1_55' title='bbox 338 1779 936 1885; x_wconf 88' lang='lat' dir='ltr'>ubinominatur</span> <span class='ocrx_word' id='word_1_56' title='bbox 978 1780 1177 1852; x_wconf 93' lang='lat' dir='ltr'>idem</span> <span class='ocrx_word' id='word_1_57' title='bbox 1230 1779 1533 1853; x_wconf 89' lang='lat' dir='ltr'>buleuta</span> <span class='ocrx_word' id='word_1_58' title='bbox 1590 1805 2103 1876; x_wconf 79' lang='lat' dir='ltr'>agnoscamus,</span> <span class='ocrx_word' id='word_1_59' title='bbox 2149 1781 2434 1879; x_wconf 84' lang='lat' dir='ltr'>Nempe</span> <span class='ocrx_word' id='word_1_60' title='bbox 2487 1807 2605 1853; x_wconf 87' lang='lat' dir='ltr'>res</span> <span class='ocrx_word' id='word_1_61' title='bbox 2644 1807 2791 1878; x_wconf 90' lang='lat' dir='ltr'>quo</span> 
     </span>
     <span class='ocr_line' id='line_1_10' title="bbox 338 1903 1969 2005; baseline 0.001 -29"><span class='ocrx_word' id='word_1_62' title='bbox 338 1905 686 1976; x_wconf 90' lang='lat' dir='ltr'>attentius</span> <span class='ocrx_word' id='word_1_63' title='bbox 724 1903 1160 2005; x_wconf 84' lang='lat' dir='ltr'>inspiciatur</span> <span class='ocrx_word' id='word_1_64' title='bbox 1196 1930 1285 1976; x_wconf 88' lang='lat' dir='ltr'>eo</span> <span class='ocrx_word' id='word_1_65' title='bbox 1324 1904 1561 2000; x_wconf 85' lang='lat' dir='ltr'>magis</span> <span class='ocrx_word' id='word_1_66' title='bbox 1600 1903 1828 1976; x_wconf 91' lang='lat' dir='ltr'>dubia</span> <span class='ocrx_word' id='word_1_67' title='bbox 1864 1904 1969 1977; x_wconf 90' lang='lat' dir='ltr'>fit.</span> 
     </span>
    </p>

    <p class='ocr_par' dir='ltr' id='par_1_5' title="bbox 334 2027 2794 2377">
     <span class='ocr_line' id='line_1_11' title="bbox 436 2027 2791 2128; baseline 0 -27"><span class='ocrx_word' id='word_1_68' title='bbox 436 2029 562 2101; x_wconf 88' lang='lat' dir='ltr'>Bis</span> <span class='ocrx_word' id='word_1_69' title='bbox 606 2029 1104 2103; x_wconf 83' lang='lat' dir='ltr'>difficultatem</span> <span class='ocrx_word' id='word_1_70' title='bbox 1155 2029 1388 2127; x_wconf 83' lang='lat' dir='ltr'>tetigi,</span> <span class='ocrx_word' id='word_1_71' title='bbox 1435 2027 1779 2127; x_wconf 87' lang='lat' dir='ltr'>expedire</span> <span class='ocrx_word' id='word_1_72' title='bbox 1828 2055 1980 2101; x_wconf 92' lang='lat' dir='ltr'>non</span> <span class='ocrx_word' id='word_1_73' title='bbox 2029 2029 2271 2128; x_wconf 92' lang='lat' dir='ltr'>potui.</span> <span class='ocrx_word' id='word_1_74' title='bbox 2341 2030 2556 2101; x_wconf 91' lang='lat' dir='ltr'>Nunc</span> <span class='ocrx_word' id='word_1_75' title='bbox 2613 2055 2791 2101; x_wconf 90' lang='lat' dir='ltr'>uero</span> 
     </span>
     <span class='ocr_line' id='line_1_12' title="bbox 338 2152 2794 2252; baseline 0 -26"><span class='ocrx_word' id='word_1_76' title='bbox 338 2152 750 2252; x_wconf 83' lang='lat' dir='ltr'>explanabo</span> <span class='ocrx_word' id='word_1_77' title='bbox 799 2179 945 2251; x_wconf 90' lang='lat' dir='ltr'>qua</span> <span class='ocrx_word' id='word_1_78' title='bbox 993 2153 1277 2226; x_wconf 86' lang='lat' dir='ltr'>ratione</span> <span class='ocrx_word' id='word_1_79' title='bbox 1325 2179 1500 2229; x_wconf 88' lang='lat' dir='ltr'>usus</span> <span class='ocrx_word' id='word_1_80' title='bbox 1549 2153 1855 2225; x_wconf 90' lang='lat' dir='ltr'>nomina</span> <span class='ocrx_word' id='word_1_81' title='bbox 1901 2154 2431 2225; x_wconf 91' lang='lat' dir='ltr'>nonnullorum</span> <span class='ocrx_word' id='word_1_82' title='bbox 2479 2154 2794 2226; x_wconf 90' lang='lat' dir='ltr'>archon-</span> 
     </span>
     <span class='ocr_line' id='line_1_13' title="bbox 334 2278 1055 2377; baseline 0.001 -27"><span class='ocrx_word' id='word_1_83' title='bbox 334 2289 494 2350; x_wconf 89' lang='lat' dir='ltr'>tum</span> <span class='ocrx_word' id='word_1_84' title='bbox 534 2278 1055 2377; x_wconf 88' lang='lat' dir='ltr'>disposuerim.</span> 
     </span>
    </p>

    <p class='ocr_par' dir='ltr' id='par_1_6' title="bbox 287 2402 2854 3099">
     <span class='ocr_line' id='line_1_14' title="bbox 435 2402 2789 2501; baseline 0 -26"><span class='ocrx_word' id='word_1_85' title='bbox 435 2402 554 2475; x_wconf 90' lang='lat' dir='ltr'>Ab</span> <span class='ocrx_word' id='word_1_86' title='bbox 617 2429 704 2475; x_wconf 95' lang='lat' dir='ltr'>eo</span> <span class='ocrx_word' id='word_1_87' title='bbox 764 2402 962 2474; x_wconf 93' lang='lat' dir='ltr'>enim</span> <span class='ocrx_word' id='word_1_88' title='bbox 1021 2429 1215 2475; x_wconf 92' lang='lat' dir='ltr'>anno</span> <span class='ocrx_word' id='word_1_89' title='bbox 1291 2429 1438 2500; x_wconf 89' lang='lat' dir='ltr'>quo</span> <span class='ocrx_word' id='word_1_90' title='bbox 1492 2403 1674 2501; x_wconf 89' lang='lat' dir='ltr'>imp.</span> <span class='ocrx_word' id='word_1_91' title='bbox 1712 2403 1921 2475; x_wconf 82' lang='lat' dir='ltr'>Titus</span> <span class='ocrx_word' id='word_1_92' title='bbox 1962 2402 2275 2501; x_wconf 91' lang='lat' dir='ltr'>Delphis</span> <span class='ocrx_word' id='word_1_93' title='bbox 2321 2404 2594 2475; x_wconf 90' lang='lat' dir='ltr'>archon</span> <span class='ocrx_word' id='word_1_94' title='bbox 2651 2404 2789 2476; x_wconf 90' lang='lat' dir='ltr'>fuit</span> 
     </span>
     <span class='ocr_line' id='line_1_15' title="bbox 334 2527 2790 2627; baseline -0 -29"><span class='ocrx_word' id='word_1_95' title='bbox 334 2527 915 2627; x_wconf 82' lang='lat' dir='ltr'>proficiscamur,</span> <span class='ocrx_word' id='word_1_96' title='bbox 941 2527 991 2597; x_wconf 88' lang='lat' dir='ltr'>i.</span> <span class='ocrx_word' id='word_1_97' title='bbox 1023 2553 1089 2600; x_wconf 93' lang='lat' dir='ltr'>e.</span> <span class='ocrx_word' id='word_1_98' title='bbox 1126 2553 1192 2599; x_wconf 98' lang='lat' dir='ltr'>a.</span> <span class='ocrx_word' id='word_1_99' title='bbox 1231 2529 1321 2603; x_wconf 81' lang='lat'>79</span> <span class='ocrx_word' id='word_1_100' title='bbox 1362 2531 1415 2599; x_wconf 80' lang='lat'>3.</span> <span class='ocrx_word' id='word_1_101' title='bbox 1457 2527 1810 2598; x_wconf 90' lang='lat' dir='ltr'>Buleutae</span> <span class='ocrx_word' id='word_1_102' title='bbox 1850 2537 2007 2598; x_wconf 84' lang='lat' dir='ltr'>turn</span> <span class='ocrx_word' id='word_1_103' title='bbox 2039 2528 2339 2599; x_wconf 89' lang='lat' dir='ltr'>fuerunt</span> <span class='ocrx_word' id='word_1_104' title='bbox 2368 2527 2790 2625; x_wconf 83' lang='lat' dir='ltr'>Antigonus</span> 
     </span>
     <span class='ocr_line' id='line_1_16' title="bbox 332 2651 2854 2751; baseline 0 -29"><span class='ocrx_word' id='word_1_105' title='bbox 332 2661 409 2722; x_wconf 90' lang='lat' dir='ltr'>et</span> <span class='ocrx_word' id='word_1_106' title='bbox 480 2653 824 2749; x_wconf 85' lang='lat' dir='ltr'>Agathon</span> <span class='ocrx_word' id='word_1_107' title='bbox 897 2676 913 2723; x_wconf 89' lang='lat'>:</span> <span class='ocrx_word' id='word_1_108' title='bbox 992 2651 1350 2748; x_wconf 87' lang='lat' dir='ltr'>Antigoni</span> <span class='ocrx_word' id='word_1_109' title='bbox 1416 2661 1660 2724; x_wconf 86' lang='lat' dir='ltr'>autem</span> <span class='ocrx_word' id='word_1_110' title='bbox 1719 2651 1984 2740; x_wconf 82' lang='lat' dir='ltr'>filium,</span> <span class='ocrx_word' id='word_1_111' title='bbox 2062 2651 2474 2742; x_wconf 83' lang='lat' dir='ltr'>Glauciam,</span> <span class='ocrx_word' id='word_1_112' title='bbox 2543 2663 2788 2751; x_wconf 91' lang='lat' dir='ltr'>partes</span> <span class='ocrx_word' id='word_1_113' title='bbox 2849 2678 2854 2683; x_wconf 83' lang='grc'><em>·</em></span> 
     </span>
     <span class='ocr_line' id='line_1_17' title="bbox 287 2775 2787 2876; baseline 0.001 -29"><span class='ocrx_word' id='word_1_114' title='bbox 287 2816 295 2823; x_wconf 88' lang='grc'><em>·</em></span> <span class='ocrx_word' id='word_1_115' title='bbox 334 2775 677 2849; x_wconf 88' lang='lat' dir='ltr'>buleutae</span> <span class='ocrx_word' id='word_1_116' title='bbox 725 2787 1062 2874; x_wconf 86' lang='lat' dir='ltr'>agentem</span> <span class='ocrx_word' id='word_1_117' title='bbox 1119 2786 1401 2875; x_wconf 84' lang='lat' dir='ltr'>postea,</span> <span class='ocrx_word' id='word_1_118' title='bbox 1459 2802 1547 2849; x_wconf 91' lang='lat' dir='ltr'>eo</span> <span class='ocrx_word' id='word_1_119' title='bbox 1604 2775 1767 2876; x_wconf 90' lang='lat' dir='ltr'>ipso</span> <span class='ocrx_word' id='word_1_120' title='bbox 1827 2802 2022 2849; x_wconf 89' lang='lat' dir='ltr'>anno</span> <span class='ocrx_word' id='word_1_121' title='bbox 2063 2803 2211 2875; x_wconf 88' lang='lat' dir='ltr'>quo</span> <span class='ocrx_word' id='word_1_122' title='bbox 2258 2776 2342 2850; x_wconf 91' lang='lat' dir='ltr'>C.</span> <span class='ocrx_word' id='word_1_123' title='bbox 2388 2776 2787 2849; x_wconf 90' lang='lat' dir='ltr'>Memmius</span> 
     </span>
     <span class='ocr_line' id='line_1_18' title="bbox 331 2901 2786 2999; baseline 0.001 -27"><span class='ocrx_word' id='word_1_124' title='bbox 331 2901 844 2999; x_wconf 88' lang='lat' dir='ltr'>Euthydamus</span> <span class='ocrx_word' id='word_1_125' title='bbox 885 2902 1184 2973; x_wconf 90' lang='lat' dir='ltr'>tertium</span> <span class='ocrx_word' id='word_1_126' title='bbox 1216 2901 1588 2973; x_wconf 90' lang='lat' dir='ltr'>archontis</span> <span class='ocrx_word' id='word_1_127' title='bbox 1628 2927 1933 2973; x_wconf 90' lang='lat' dir='ltr'>munere</span> <span class='ocrx_word' id='word_1_128' title='bbox 1972 2902 2269 2974; x_wconf 85' lang='lat' dir='ltr'>functus</span> <span class='ocrx_word' id='word_1_129' title='bbox 2299 2911 2410 2973; x_wconf 94' lang='lat' dir='ltr'>est</span> <span class='ocrx_word' id='word_1_130' title='bbox 2444 2902 2498 2992; x_wconf 85' lang='lat'>4,</span> <span class='ocrx_word' id='word_1_131' title='bbox 2542 2901 2786 2974; x_wconf 91' lang='lat' dir='ltr'>hocin</span> 
     </span>
     <span class='ocr_line' id='line_1_19' title="bbox 330 3011 2766 3099; baseline 0.001 -3"><span class='ocrx_word' id='word_1_132' title='bbox 330 3025 545 3097; x_wconf 90' lang='lat' dir='ltr'>titulo</span> <span class='ocrx_word' id='word_1_133' title='bbox 582 3019 1008 3099; x_wconf 83' lang='lat' dir='ltr'>inuenimus</span> <span class='ocrx_word' id='word_1_134' title='bbox 1048 3028 1102 3098; x_wconf 83' lang='lat'>⁵.</span> <span class='ocrx_word' id='word_1_135' title='bbox 2755 3011 2766 3022; x_wconf 61' lang='grc'><em>’</em></span> 
     </span>
    </p>
   </div>
   <div class='ocr_carea' id='block_1_5' title="bbox 286 3320 2781 4459">
    <p class='ocr_par' dir='ltr' id='par_1_7' title="bbox 404 3320 1254 3392">
     <span class='ocr_line' id='line_1_20' title="bbox 404 3320 1254 3392; baseline 0.002 -19"><span class='ocrx_word' id='word_1_136' title='bbox 404 3322 457 3374; x_wconf 83' lang='grc'><strong>1.</strong></span> <span class='ocrx_word' id='word_1_137' title='bbox 497 3320 655 3375; x_wconf 89' lang='lat' dir='ltr'>BCH</span> <span class='ocrx_word' id='word_1_138' title='bbox 677 3320 832 3373; x_wconf 88' lang='lat' dir='ltr'>XXII</span> <span class='ocrx_word' id='word_1_139' title='bbox 863 3338 961 3392; x_wconf 89' lang='lat' dir='ltr'>pp.</span> <span class='ocrx_word' id='word_1_140' title='bbox 996 3322 1254 3375; x_wconf 82' lang='lat'>175-177.</span> 
     </span>
    </p>

    <p class='ocr_par' dir='ltr' id='par_1_8' title="bbox 401 3409 2464 3481">
     <span class='ocr_line' id='line_1_21' title="bbox 401 3409 2464 3481; baseline 0.001 -19"><span class='ocrx_word' id='word_1_141' title='bbox 401 3412 455 3464; x_wconf 92' lang='grc'>2.</span> <span class='ocrx_word' id='word_1_142' title='bbox 501 3409 756 3481; x_wconf 80' lang='lat' dir='ltr'>1hid.‚p.</span> <span class='ocrx_word' id='word_1_143' title='bbox 791 3411 914 3465; x_wconf 85' lang='lat'>130.</span> <span class='ocrx_word' id='word_1_144' title='bbox 2460 3450 2464 3455; x_wconf 92' lang='lat'>-</span> 
     </span>
    </p>

    <p class='ocr_par' dir='ltr' id='par_1_9' title="bbox 329 3497 2781 3658">
     <span class='ocr_line' id='line_1_22' title="bbox 402 3497 2781 3569; baseline 0.001 -19"><span class='ocrx_word' id='word_1_145' title='bbox 402 3499 456 3553; x_wconf 89' lang='lat'>3.</span> <span class='ocrx_word' id='word_1_146' title='bbox 497 3498 694 3551; x_wconf 80' lang='lat' dir='ltr'>Edidit</span> <span class='ocrx_word' id='word_1_147' title='bbox 753 3499 986 3552; x_wconf 86' lang='lat' dir='ltr'>titulum</span> <span class='ocrx_word' id='word_1_148' title='bbox 1059 3499 1122 3553; x_wconf 86' lang='lat' dir='ltr'>L.</span> <span class='ocrx_word' id='word_1_149' title='bbox 1189 3499 1386 3553; x_wconf 83' lang='lat' dir='ltr'>Couve</span> <span class='ocrx_word' id='word_1_150' title='bbox 1432 3497 1592 3553; x_wconf 88' lang='lat' dir='ltr'>BCH</span> <span class='ocrx_word' id='word_1_151' title='bbox 1648 3498 1833 3551; x_wconf 88' lang='lat' dir='ltr'>XVIII</span> <span class='ocrx_word' id='word_1_152' title='bbox 1893 3516 1949 3569; x_wconf 89' lang='lat' dir='ltr'>p.</span> <span class='ocrx_word' id='word_1_153' title='bbox 2032 3500 2100 3553; x_wconf 83' lang='lat'>96</span> <span class='ocrx_word' id='word_1_154' title='bbox 2126 3515 2140 3565; x_wconf 90' lang='lat'><strong>;</strong></span> <span class='ocrx_word' id='word_1_155' title='bbox 2207 3504 2439 3569; x_wconf 89' lang='lat' dir='ltr'>tempus</span> <span class='ocrx_word' id='word_1_156' title='bbox 2515 3499 2781 3553; x_wconf 84' lang='lat' dir='ltr'>definiuit</span> 
     </span>
     <span class='ocr_line' id='line_1_23' title="bbox 329 3587 1321 3658; baseline 0.002 -18"><span class='ocrx_word' id='word_1_157' title='bbox 329 3587 375 3644; x_wconf 93' lang='grc' dir='ltr'>Ι.</span> <span class='ocrx_word' id='word_1_158' title='bbox 407 3587 669 3641; x_wconf 88' lang='lat' dir='ltr'>Pomtow</span> <span class='ocrx_word' id='word_1_159' title='bbox 696 3588 915 3646; x_wconf 74' lang='lat' dir='ltr'>Philol.</span> <span class='ocrx_word' id='word_1_160' title='bbox 951 3588 1075 3641; x_wconf 90' lang='lat' dir='ltr'>LIV</span> <span class='ocrx_word' id='word_1_161' title='bbox 1105 3605 1162 3658; x_wconf 90' lang='lat' dir='ltr'>p.</span> <span class='ocrx_word' id='word_1_162' title='bbox 1195 3590 1321 3643; x_wconf 84' lang='grc'><strong>239.</strong></span> 
     </span>
    </p>

    <p class='ocr_par' dir='ltr' id='par_1_10' title="bbox 326 3676 2781 3837">
     <span class='ocr_line' id='line_1_24' title="bbox 399 3676 2781 3747; baseline 0.001 -19"><span class='ocrx_word' id='word_1_163' title='bbox 399 3677 452 3730; x_wconf 81' lang='lat'>4.</span> <span class='ocrx_word' id='word_1_164' title='bbox 496 3676 772 3730; x_wconf 90' lang='lat' dir='ltr'>Eiusdem</span> <span class='ocrx_word' id='word_1_165' title='bbox 799 3678 936 3730; x_wconf 92' lang='lat' dir='ltr'>anni</span> <span class='ocrx_word' id='word_1_166' title='bbox 964 3676 1265 3730; x_wconf 85' lang='lat' dir='ltr'>decretum</span> <span class='ocrx_word' id='word_1_167' title='bbox 1296 3678 1409 3730; x_wconf 89' lang='lat' dir='ltr'>iam</span> <span class='ocrx_word' id='word_1_168' title='bbox 1448 3677 1633 3730; x_wconf 90' lang='lat' dir='ltr'>habes</span> <span class='ocrx_word' id='word_1_169' title='bbox 1668 3676 1822 3729; x_wconf 82' lang='lat' dir='ltr'>BCH</span> <span class='ocrx_word' id='word_1_170' title='bbox 1857 3676 2042 3729; x_wconf 88' lang='lat' dir='ltr'>XVIII</span> <span class='ocrx_word' id='word_1_171' title='bbox 2081 3694 2138 3747; x_wconf 91' lang='lat' dir='ltr'>p.</span> <span class='ocrx_word' id='word_1_172' title='bbox 2180 3677 2269 3744; x_wconf 81' lang='lat'>97,</span> <span class='ocrx_word' id='word_1_173' title='bbox 2304 3677 2409 3730; x_wconf 90' lang='lat' dir='ltr'>sed</span> <span class='ocrx_word' id='word_1_174' title='bbox 2443 3677 2545 3730; x_wconf 90' lang='lat' dir='ltr'>ubi</span> <span class='ocrx_word' id='word_1_175' title='bbox 2577 3678 2781 3731; x_wconf 86' lang='lat' dir='ltr'>buleu-</span> 
     </span>
     <span class='ocr_line' id='line_1_25' title="bbox 326 3766 2455 3837; baseline 0 -18"><span class='ocrx_word' id='word_1_176' title='bbox 326 3771 515 3819; x_wconf 82' lang='lat' dir='ltr'>tarum</span> <span class='ocrx_word' id='word_1_177' title='bbox 537 3766 792 3833; x_wconf 89' lang='lat' dir='ltr'>nomina‚</span> <span class='ocrx_word' id='word_1_178' title='bbox 824 3770 889 3818; x_wconf 93' lang='lat' dir='ltr'>ut</span> <span class='ocrx_word' id='word_1_179' title='bbox 914 3767 1151 3836; x_wconf 88' lang='lat' dir='ltr'>saepius</span> <span class='ocrx_word' id='word_1_180' title='bbox 1167 3767 1225 3819; x_wconf 92' lang='lat' dir='ltr'>in</span> <span class='ocrx_word' id='word_1_181' title='bbox 1254 3767 1356 3819; x_wconf 92' lang='lat' dir='ltr'>illo</span> <span class='ocrx_word' id='word_1_182' title='bbox 1387 3771 1653 3837; x_wconf 88' lang='lat' dir='ltr'>tempore</span> <span class='ocrx_word' id='word_1_183' title='bbox 1679 3766 1911 3831; x_wconf 88' lang='lat' dir='ltr'>accidit,</span> <span class='ocrx_word' id='word_1_184' title='bbox 1940 3783 2054 3818; x_wconf 92' lang='lat' dir='ltr'>non</span> <span class='ocrx_word' id='word_1_185' title='bbox 2083 3767 2264 3819; x_wconf 90' lang='lat' dir='ltr'>incisa</span> <span class='ocrx_word' id='word_1_186' title='bbox 2298 3772 2455 3820; x_wconf 90' lang='lat' dir='ltr'>sunt.</span> 
     </span>
    </p>

    <p class='ocr_par' dir='ltr' id='par_1_11' title="bbox 286 3854 2780 4459">
     <span class='ocr_line' id='line_1_26' title="bbox 397 3854 2780 3926; baseline 0 -19"><span class='ocrx_word' id='word_1_187' title='bbox 397 3856 450 3909; x_wconf 82' lang='lat'>5.</span> <span class='ocrx_word' id='word_1_188' title='bbox 493 3855 619 3908; x_wconf 92' lang='lat' dir='ltr'>Duo</span> <span class='ocrx_word' id='word_1_189' title='bbox 642 3855 815 3922; x_wconf 86' lang='lat' dir='ltr'>tituli,</span> <span class='ocrx_word' id='word_1_190' title='bbox 845 3855 961 3908; x_wconf 87' lang='lat' dir='ltr'>nisi</span> <span class='ocrx_word' id='word_1_191' title='bbox 986 3854 1142 3926; x_wconf 93' lang='lat' dir='ltr'>quod</span> <span class='ocrx_word' id='word_1_192' title='bbox 1170 3856 1262 3908; x_wconf 91' lang='lat' dir='ltr'>uir</span> <span class='ocrx_word' id='word_1_193' title='bbox 1289 3855 1475 3908; x_wconf 89' lang='lat' dir='ltr'>altero</span> <span class='ocrx_word' id='word_1_194' title='bbox 1504 3855 1894 3910; x_wconf 84' lang='lat' dir='ltr'>honoratuS...</span> <span class='ocrx_word' id='word_1_195' title='bbox 1924 3855 2215 3907; x_wconf 90' lang='lat' dir='ltr'>Diotimus</span> <span class='ocrx_word' id='word_1_196' title='bbox 2246 3854 2426 3908; x_wconf 89' lang='lat' dir='ltr'>Chius</span> <span class='ocrx_word' id='word_1_197' title='bbox 2450 3861 2563 3924; x_wconf 88' lang='lat' dir='ltr'>est,</span> <span class='ocrx_word' id='word_1_198' title='bbox 2597 3856 2780 3908; x_wconf 88' lang='lat' dir='ltr'>simil-</span> 
     </span>
     <span class='ocr_line' id='line_1_27' title="bbox 324 3943 2775 4015; baseline 0.001 -19"><span class='ocrx_word' id='word_1_199' title='bbox 324 3943 449 3996; x_wconf 89' lang='lat' dir='ltr'>limi</span> <span class='ocrx_word' id='word_1_200' title='bbox 474 3944 814 4015; x_wconf 86' lang='lat' dir='ltr'>iuxtapositi</span> <span class='ocrx_word' id='word_1_201' title='bbox 846 3944 903 3996; x_wconf 93' lang='lat' dir='ltr'>in</span> <span class='ocrx_word' id='word_1_202' title='bbox 934 3945 1124 3997; x_wconf 88' lang='lat' dir='ltr'>antica</span> <span class='ocrx_word' id='word_1_203' title='bbox 1155 3944 1396 4014; x_wconf 86' lang='lat' dir='ltr'>planitie</span> <span class='ocrx_word' id='word_1_204' title='bbox 1421 3944 1634 4015; x_wconf 90' lang='lat' dir='ltr'>lapidis</span> <span class='ocrx_word' id='word_1_205' title='bbox 1674 3961 1732 3998; x_wconf 94' lang='lat' dir='ltr'>n.</span> <span class='ocrx_word' id='word_1_206' title='bbox 1773 3946 1912 3995; x_wconf 83' lang='grc'>1220</span> <span class='ocrx_word' id='word_1_207' title='bbox 1948 3944 2060 4014; x_wconf 83' lang='lat' dir='ltr'>(cui</span> <span class='ocrx_word' id='word_1_208' title='bbox 2096 3944 2530 4014; x_wconf 84' lang='lat' dir='ltr'>adiungendum</span> <span class='ocrx_word' id='word_1_209' title='bbox 2567 3944 2775 4015; x_wconf 84' lang='lat' dir='ltr'>fragm.</span> 
     </span>
     <span class='ocr_line' id='line_1_28' title="bbox 324 4032 2777 4104; baseline 0.001 -20"><span class='ocrx_word' id='word_1_210' title='bbox 324 4032 484 4103; x_wconf 82' lang='lat'>1196)</span> <span class='ocrx_word' id='word_1_211' title='bbox 515 4033 826 4103; x_wconf 83' lang='lat' dir='ltr'>leguntur;</span> <span class='ocrx_word' id='word_1_212' title='bbox 865 4033 924 4085; x_wconf 91' lang='lat' dir='ltr'>in</span> <span class='ocrx_word' id='word_1_213' title='bbox 956 4033 1195 4085; x_wconf 88' lang='lat' dir='ltr'>sinistra</span> <span class='ocrx_word' id='word_1_214' title='bbox 1226 4037 1390 4103; x_wconf 88' lang='lat' dir='ltr'>parte</span> <span class='ocrx_word' id='word_1_215' title='bbox 1421 4033 1722 4086; x_wconf 87' lang='lat' dir='ltr'>decretum</span> <span class='ocrx_word' id='word_1_216' title='bbox 1752 4050 1870 4103; x_wconf 86' lang='lat' dir='ltr'>quo</span> <span class='ocrx_word' id='word_1_217' title='bbox 1904 4032 2175 4086; x_wconf 88' lang='lat' dir='ltr'>laudatus</span> <span class='ocrx_word' id='word_1_218' title='bbox 2204 4038 2296 4086; x_wconf 87' lang='lat' dir='ltr'>est</span> <span class='ocrx_word' id='word_1_219' title='bbox 2326 4034 2544 4086; x_wconf 86' lang='lat' dir='ltr'>Alexas</span> <span class='ocrx_word' id='word_1_220' title='bbox 2578 4034 2633 4085; x_wconf 90' lang='lat' dir='ltr'>in</span> <span class='ocrx_word' id='word_1_221' title='bbox 2661 4050 2777 4104; x_wconf 92' lang='lat' dir='ltr'>quo</span> 
     </span>
     <span class='ocr_line' id='line_1_29' title="bbox 286 4111 2777 4192; baseline 0 -17"><span class='ocrx_word' id='word_1_222' title='bbox 286 4111 508 4175; x_wconf 55' lang='lat' dir='ltr'>&#39;forma</span> <span class='ocrx_word' id='word_1_223' title='bbox 530 4122 764 4175; x_wconf 87' lang='lat' dir='ltr'>litterae</span> <span class='ocrx_word' id='word_1_224' title='bbox 785 4123 840 4180; x_wconf 59' lang='grc' dir='ltr'>δέ</span> <span class='ocrx_word' id='word_1_225' title='bbox 860 4122 1139 4175; x_wconf 85' lang='lat' dir='ltr'>notabilis</span> <span class='ocrx_word' id='word_1_226' title='bbox 1169 4128 1257 4174; x_wconf 90' lang='lat' dir='ltr'>est</span> <span class='ocrx_word' id='word_1_227' title='bbox 1282 4139 1295 4189; x_wconf 90' lang='lat'>;</span> <span class='ocrx_word' id='word_1_228' title='bbox 1325 4122 1400 4175; x_wconf 84' lang='lat' dir='ltr'>cf.</span> <span class='ocrx_word' id='word_1_229' title='bbox 1431 4121 1472 4176; x_wconf 95' lang='lat' dir='ltr'>I.</span> <span class='ocrx_word' id='word_1_230' title='bbox 1504 4121 1789 4187; x_wconf 85' lang='lat' dir='ltr'>Pomtow,</span> <span class='ocrx_word' id='word_1_231' title='bbox 1815 4122 1854 4175; x_wconf 91' lang='lat' dir='ltr'>l.</span> <span class='ocrx_word' id='word_1_232' title='bbox 1886 4122 1924 4176; x_wconf 91' lang='lat' dir='ltr'>l.</span> <span class='ocrx_word' id='word_1_233' title='bbox 1954 4122 2088 4175; x_wconf 89' lang='lat' dir='ltr'>adn.</span> <span class='ocrx_word' id='word_1_234' title='bbox 2119 4123 2206 4176; x_wconf 83' lang='lat'>55.</span> <span class='ocrx_word' id='word_1_235' title='bbox 2238 4122 2410 4192; x_wconf 88' lang='lat' dir='ltr'>Lapis</span> <span class='ocrx_word' id='word_1_236' title='bbox 2439 4122 2538 4176; x_wconf 90' lang='lat' dir='ltr'>ille</span> <span class='ocrx_word' id='word_1_237' title='bbox 2560 4140 2617 4176; x_wconf 91' lang='lat' dir='ltr'>n.</span> <span class='ocrx_word' id='word_1_238' title='bbox 2640 4124 2777 4175; x_wconf 83' lang='grc'>1220</span> 
     </span>
     <span class='ocr_line' id='line_1_30' title="bbox 321 4210 2774 4281; baseline 0 -18"><span class='ocrx_word' id='word_1_239' title='bbox 321 4215 592 4281; x_wconf 85' lang='lat' dir='ltr'>repertus</span> <span class='ocrx_word' id='word_1_240' title='bbox 613 4215 705 4263; x_wconf 87' lang='lat' dir='ltr'>est</span> <span class='ocrx_word' id='word_1_241' title='bbox 733 4216 868 4264; x_wconf 89' lang='lat' dir='ltr'>ante</span> <span class='ocrx_word' id='word_1_242' title='bbox 891 4210 1141 4264; x_wconf 85' lang='lat' dir='ltr'>frontem</span> <span class='ocrx_word' id='word_1_243' title='bbox 1170 4212 1394 4281; x_wconf 87' lang='lat' dir='ltr'>templi,</span> <span class='ocrx_word' id='word_1_244' title='bbox 1429 4210 1893 4280; x_wconf 86' lang='lat' dir='ltr'>septentrionem</span> <span class='ocrx_word' id='word_1_245' title='bbox 1933 4216 1995 4263; x_wconf 88' lang='lat' dir='ltr'>et</span> <span class='ocrx_word' id='word_1_246' title='bbox 2027 4211 2313 4264; x_wconf 82' lang='lat' dir='ltr'>orientem</span> <span class='ocrx_word' id='word_1_247' title='bbox 2335 4228 2543 4264; x_wconf 90' lang='lat' dir='ltr'>uersus</span> <span class='ocrx_word' id='word_1_248' title='bbox 2569 4232 2579 4262; x_wconf 75' lang='grc' dir='ltr'>ε</span> <span class='ocrx_word' id='word_1_249' title='bbox 2602 4228 2774 4281; x_wconf 88' lang='lat' dir='ltr'>quem</span> 
     </span>
     <span class='ocr_line' id='line_1_31' title="bbox 320 4299 2773 4369; baseline -0 -17"><span class='ocrx_word' id='word_1_250' title='bbox 320 4316 392 4352; x_wconf 86' lang='lat' dir='ltr'>ex</span> <span class='ocrx_word' id='word_1_251' title='bbox 422 4304 559 4352; x_wconf 85' lang='lat' dir='ltr'>anta</span> <span class='ocrx_word' id='word_1_252' title='bbox 589 4299 1035 4369; x_wconf 85' lang='lat' dir='ltr'>septentrionali</span> <span class='ocrx_word' id='word_1_253' title='bbox 1066 4299 1355 4353; x_wconf 88' lang='lat' dir='ltr'>cecidisse</span> <span class='ocrx_word' id='word_1_254' title='bbox 1396 4316 1510 4352; x_wconf 90' lang='lat' dir='ltr'>non</span> <span class='ocrx_word' id='word_1_255' title='bbox 1545 4299 1673 4352; x_wconf 88' lang='lat' dir='ltr'>sine</span> <span class='ocrx_word' id='word_1_256' title='bbox 1713 4316 1886 4353; x_wconf 86' lang='lat' dir='ltr'>causa</span> <span class='ocrx_word' id='word_1_257' title='bbox 1931 4316 2278 4369; x_wconf 89' lang='lat' dir='ltr'>persuasum</span> <span class='ocrx_word' id='word_1_258' title='bbox 2306 4300 2517 4367; x_wconf 86' lang='lat' dir='ltr'>habeo,</span> <span class='ocrx_word' id='word_1_259' title='bbox 2547 4318 2678 4353; x_wconf 87' lang='lat' dir='ltr'>nam</span> <span class='ocrx_word' id='word_1_260' title='bbox 2717 4301 2773 4352; x_wconf 88' lang='lat' dir='ltr'>in</span> 
     </span>
     <span class='ocr_line' id='line_1_32' title="bbox 319 4385 2187 4459; baseline 0.002 -20"><span class='ocrx_word' id='word_1_261' title='bbox 319 4392 570 4458; x_wconf 91' lang='lat' dir='ltr'>utroque</span> <span class='ocrx_word' id='word_1_262' title='bbox 600 4388 784 4441; x_wconf 84' lang='lat' dir='ltr'>latere</span> <span class='ocrx_word' id='word_1_263' title='bbox 815 4385 1033 4441; x_wconf 88' lang='lat' dir='ltr'>incisae</span> <span class='ocrx_word' id='word_1_264' title='bbox 1059 4393 1196 4441; x_wconf 91' lang='lat' dir='ltr'>sunt</span> <span class='ocrx_word' id='word_1_265' title='bbox 1217 4388 1653 4459; x_wconf 60' lang='lat' dir='ltr'>inscriptiones</span> <span class='ocrx_word' id='word_1_266' title='bbox 1685 4388 1859 4443; x_wconf 88' lang='lat' dir='ltr'>Latit.</span> <span class='ocrx_word' id='word_1_267' title='bbox 1891 4391 1914 4440; x_wconf 83' lang='lat'><strong>1</strong></span> <span class='ocrx_word' id='word_1_268' title='bbox 1950 4406 2029 4443; x_wconf 90' lang='lat' dir='ltr'>m.</span> <span class='ocrx_word' id='word_1_269' title='bbox 2064 4389 2187 4443; x_wconf 82' lang='lat'>375.</span> 
     </span>
    </p>
   </div>
  </div>
 </body>
</html>
