3692 5643
843 592 935 662 96
1621 593 1626 598 ’
1826 616 2213 664 coNchsm

836 769 1101 841 iterum
1139 769 1494 841 reuixisse
1536 768 1750 841 nobis
1778 770 1922 841 iam
1960 771 2133 842 licet
2166 770 2637 843 contendere.
2670 771 3139 843 Facillimum
3182 783 3293 845 est

835 920 1032 966 nunc
1085 893 1387 992 quidem
1441 921 1529 965 ex
1584 898 1857 966 euentu
1914 894 2268 983 iudicare,
2328 894 2760 993 aequalibus
2807 908 3049 969 autem
3109 897 3294 969 falsa

836 1028 985 1090 n'on
1007 1024 1295 1117 poterat
1341 1017 1576 1089 uideri
1619 1018 2034 1117 splendoris
2071 1045 2154 1091 ea
2200 1019 2483 1118 species
2517 1046 2704 1117 quae
2756 1020 3291 1119 imperatorum

837 1143 1057 1215 simul
1115 1154 1331 1242 atque
1398 1143 1729 1214 Deorum
1810 1154 2168 1241 potestate
2240 1170 2532 1243 semper
2614 1145 2691 1216 in
2757 1156 2916 1218 tuto
2978 1147 3295 1218 'firmata

836 1267 1274 1367 apparebat.'
1314 1268 1571 1365 Itaque
1618 1268 1708 1338 de
1754 1267 1885 1340 illo
1950 1279 2285 1367 tempore
2334 1268 2409 1340 in
2479 1268 2738 1368 primis
2806 1270 3030 1368 digno
3093 1270 3294 1369 quod

835 1392 1129 1491 penitus
1203 1391 1757 1491 introspiciatur
1819 1392 1928 1464 sic
1992 1392 2209 1464 liceat
2286 1395 2794 1491 quaestionem
2868 1396 3292 1467 summatim

838 1517 1165 1615 aggredi.
1965 1521 1970 1527 ’
2259 1528 2263 1533 ’
2583 1606 2590 1613 ⁸
3093 1520 3099 1525 ’

936 1643 1204 1739 Magna
1231 1641 1533 1738 quidem
1574 1640 1871 1738 ingenia
1920 1668 2232 1729 cessere,
2283 1643 2409 1715 sed
2445 1643 2628 1715 haec
2667 1644 2912 1715 omnis
2947 1671 3134 1741 quae
3187 1656 3296 1716 est

839 1766 928 1838 de
967 1767 1114 1838 uita
1148 1777 1220 1837 et
1253 1764 1587 1837 moribus
1627 1765 2019 1837 hominum
2072 1766 2568 1866 philosophia,
2622 1770 2770 1840 non
2817 1769 3097 1866 aliquot
3143 1770 3292 1842 iam

839 1890 1285 1989 sapientium
1322 1890 1594 1962 scholis
1623 1890 1935 1977 inclusa,
1979 1891 2066 1962 ad
2111 1891 2451 1964 homines
2490 1893 2724 1964 multo
2755 1894 3297 1992 frequentiores

838 2025 910 2086 et
950 2025 1192 2113 'usque
1224 2014 1314 2087 ad
1351 2038 1826 2086 communem
1879 2016 2240 2114 populum
2294 2016 2698 2089 descendit.
2749 2016 3293 2089 Testimonium

838 2166 986 2210 non
1028 2166 1204 2211 sane
1243 2140 1318 2210 in
1366 2140 1605 2211 maius
1649 2125 2176 2229 extollendum,
2226 2140 2548 2213 notabile
2580 2146 2846 2214 'tamen
2902 2142 3300 2240 praebetur

838 2264 972 2335 hac
1031 2290 1225 2336 noua
1278 2264 1620 2353 formula,
1686 2265 1760 2334 in
1830 2251 2144 2337 decretis
2192 2277 2352 2337 tum
2409 2266 2935 2338 usitatissima:
2983 2271 3111 2338 ὅσα
3154 2280 3298 2350 τοῖς

838 2388 1086 2471 καλοῖς
1151 2389 1267 2459 καὶ
1325 2387 1612 2488 ἀγαθοῖς
1675 2380 1962 2487 ἀνδράσι
2012 2379 2302 2471 δίδοται,
2398 2417 2542 2488 qua
2628 2379 3044 2489 antiquum⁴
3116 2392 3298 2462 illud

838 2511 1147 2610 καθάπερ
1171 2525 1317 2595 τοῖς
1347 2490 1982 2610 ἄλλοιξπροξένοις
2005 2514 2122 2585 καὶ
2143 2513 2538 2613 εὐεργέταις
2559 2515 2942 2587 detrusum
2976 2526 3110 2589 est.
3145 2506 3303 2601 Nec

835 2637 1107 2711 talibus
1143 2637 1363 2708 rebus
1406 2637 1790 2709 immorari
1826 2639 2000 2709 uolo
2035 2664 2459 2736 quanquam
2501 2641 2898 2712 nonnullos
2949 2642 3299 2712 nouimus

837 2761 1342 2861 philosophos,
1411 2761 1821 2860 platonicos
1878 2763 2310 2862 praesertim
2379 2790 2640 2836 uerum
2699 2765 2881 2837 alios
2968 2791 3293 2865 quoque,

838 2887 966 2986 qui
1015 2886 1300 2985 uulgari
1350 2887 1672 2984 quodam
1733 2893 2242 2987 συγκρητισμῷ
2301 2889 2665 2961 maiorum
2710 2891 3147 2987 religionem
3207 2891 3297 2963 ad

838 3012 1284 3114 naturalian
1360 3022 1606 3084 reru‘m
1675 3012 2058 3084 scientiam
2151 3021 2220 3085 et
2296 3014 2386 3085 ad
2458 3014 2857 3087 humanam
2931 3016 3296 3087 rationem

832 3136 1393 3208 accommodare
1419 3147 1914 3210 tentauerunt.
1946 3139 2231 3236 Nempe
2251 3139 2502 3211 omnia
2521 3165 2735 3237 quae,
2766 3152 2845 3212 ut
2860 3139 3299 3214 πλατωνιστί

836 3262 1119 3358 loquar,
1172 3261 1405 3358 magis
1444 3261 1533 3332 ad
1590 3250 1789 3345 δόξαν
1851 3263 2156 3335 fortasse
2199 3262 2441 3358 ’ἀληθῆ
2495 3290 2717 3362 quam
2757 3265 2846 3337 ad
2901 3262 3298 3363 ἐπιστήμην

836 3385 1149 3456 attinent
1219 3412 1417 3457 nunc
1491 3387 2143 3483 praetermittenda
2212 3414 2370 3460 esse
2448 3383 2739 3461 censeo.
2799 3389 2939 3462 Sed
2973 3389 3063 3462 'si
3135 3391 3301 3488 quis

836 3492 1195 3582 acriorem
1260 3536 1514 3582 earum
1584 3508 1833 3582 rerum
1901 3538 2155 3583 curam
2237 3539 2423 3611 quae
2512 3513 2604 3585 ad
2683 3514 2915 3586 uitam
2990 3516 3299 3586 honeste

837 3635 1235 3733 regendam
1278 3645 1608 3732 spectant
1658 3647 1730 3707 et
1788 3633 1998 3708 'illam
2062 3637 2442 3710 caritatem
2495 3639 2784 3735 generis
2844 3639 3153 3710 humani
3231 3647 3305 3710 et

842 3761 1170 3832 Deorum
1210 3787 1565 3848 amorem,
1599 3772 1676 3832 ut
1714 3760 1814 3832 ita
1835 3761 2104 3850 dicam,
2142 3788 2375 3860 paene
2409 3762 2713 3835 anxium
2765 3763 2841 3834 in
2888 3763 3303 3835 teneriores

836 3885 1124 3956 animos
1176 3897 1345 3957 tunc
1406 3886 1791 3984 irrepsisse
1846 3898 2092 3983 negat,
2157 3885 2622 3959 obliuiscitur
2679 3889 3010 3986 profecto
3078 3881 3300 3986 quain

835 4011 1170 4081 celeriter
1245 4007 1817 4082 christianorum
1883 4009 2063 4081 fides
2126 4037 2258 4109 per
2324 4022 2576 4108 gentes
2634 4021 2708 4083 et
2780 4012 3102 4084 maxime
3166 4039 3297 4111 per

839 4126 1136 4197 urbium
1192 4126 1487 4223 plebem
1547 4125 1979 4197 manauerit.
2041 4126 2182 4198 Cui
2241 4127 2347 4197 rei
2412 4129 2546 4199 etsi
2609 4128 2987 4199 diuersum
3057 4129 3304 4226 primo

839 4249 1184 4347 adspectu
1284 4250 1579 4323 uidetur
1679 4277 1836 4322 esse
1920 4277 2065 4322 non
2160 4278 2463 4349 possum
2564 4279 2710 4324 non
2831 4253 3300 4352 splendidum

840 4374 1300 4472 Delphorum
1398 4374 1621 4446 decus
1731 4375 2033 4447 alterius
2122 4402 2193 4473 p.
2291 4375 2468 4450 Chr.
2567 4378 2840 4449 saeculi
2933 4379 3302 4451 conferre.

841 4498 1191 4571 Eiusdem
1222 4499 1422 4569 enim
1461 4500 1752 4596 generis
1789 4500 1971 4573 duas
2010 4499 2303 4599 species
2342 4512 2574 4576 teneS.
