3692 5643
723 573 813 644 60
1422 599 1509 644 DE
1563 600 2071 656 lMPERATonvm
2126 600 2478 647 EPISTVLIS

722 778 908 848 quae
956 752 1076 822 hic
1123 750 1398 852 publici
1445 751 1625 821 iuris
1680 753 1922 822 fecero
1979 753 2240 823 melius
2299 752 2579 822 exitum
2639 752 3009 823 institutae
3064 753 3168 822 rei

724 876 1119 974 expedient
1166 903 1385 973 quam
1443 877 1596 974 ipse
1652 887 2090 948 consecutus
2149 903 2308 947 sum
2373 887 2444 947 et
2498 903 2632 975 per
2682 879 2950 948 molem
3003 877 3174 947 reli-

724 1026 1040 1097 quorum
1081 1002 1564 1072 frustulorum
1615 1000 1733 1071 uia
1772 1001 2060 1071 facilius
2100 1011 2486 1098 propterea
2530 1001 2938 1099 reperietur
2975 1000 3173 1099 quod

724 1124 1081 1196 nonnulla
1122 1124 1265 1196 iam
1295 1135 1682 1222 aggregata
1722 1134 1793 1194 et
1828 1135 2027 1196 certo
2065 1125 2470 1223 composita
2511 1136 2799 1224 praesto
2833 1135 3068 1197 erunt.

819 1250 918 1319 Vt
965 1275 1081 1320 res
1121 1275 1318 1320 nunc
1359 1275 1433 1319 se
1480 1228 1732 1335 habet,
1785 1260 2134 1346 tanquam
2183 1276 2313 1348 per
2360 1262 2830 1321 transennam
2887 1260 3172 1320 tantum

725 1372 1100 1472 adspicere
1133 1373 1347 1444 nobis
1380 1373 1686 1469 contigit
1725 1399 1944 1470 quam
1980 1375 2210 1445 multa
2237 1401 2649 1471 magnaque
2687 1373 2803 1445 his
2844 1366 3174 1472 epistulis

723 1508 1025 1570 tractata
1055 1498 1224 1569 sint.
1258 1499 1442 1568 Nam
1486 1497 1574 1568 de
1608 1523 1755 1567 uno
1788 1507 1913 1569 aut
1943 1499 2169 1569 altero
2195 1499 2522 1583 homine,
2562 1524 2623 1570 e.
2662 1524 2730 1594 g.
2766 1497 2854 1568 de
2898 1499 3175 1594 Pytho-

725 1621 906 1694 doro
939 1622 1260 1719 quodam
1300 1623 1591 1719 Delpho
1633 1632 1754 1692 aut
1798 1621 1889 1692 de
1935 1614 2535 1719 quodam'legato
2578 1623 2667 1694 ad
2710 1622 3171 1712 Hadrianum

727 1747 951 1818 misso
979 1772 1152 1818 sane
1191 1746 1461 1843 agitur3
1509 1745 1632 1816 sed
1675 1748 1857 1817 haec
1897 1746 2089 1818 leuia
2119 1757 2289 1817 sunt
2327 1747 2762 1847 saepiusque
2808 1746 3172 1817 maiorum

727 1897 973 1942 rerum
1014 1881 1386 1941 momenta
1427 1897 1514 1941 ex
1555 1871 2086 1969 imperatorum
2115 1871 2406 1942 decreto
2444 1871 2788 1969 pendent.
2838 1871 3174 1942 Praemia

727 1996 924 2066 enim
966 2005 1061 2093 et,
1108 2005 1189 2065 ut
1227 2021 1458 2064 unum
1498 1980 1935 2082 memorem,
1983 1997 2400 2093 αὐτονομίας
2438 1995 2826 2093 priuilegia
2867 1995 3174 2093 Delphis

727 2120 817 2191 ab
886 2119 1194 2215 singulis
1268 2119 1836 2217 imperatoribus
1917 2121 2346 2191 confirmata
2374 2177 2388 2199 ,
2457 2120 2657 2191 illam
2742 2151 2772 2185 «
2815 2119 3171 2215 reliquam

725 2244 1068 2315 umbram
1091 2255 1162 2315 et
1181 2243 1555 2314 residuum
1585 2243 1942 2315 libertatis
1965 2270 2289 2315 nomen»
2322 2244 2520 2341 quod
2545 2244 2828 2315 Plinius
2850 2242 3175 2349 Maximo

727 2396 860 2440 suo
913 2368 1417 2439 uenerandum
1468 2367 2070 2449 commendabat:
2127 2368 2295 2438 dein
2336 2369 2516 2439 fines
2565 2368 2836 2465 quibus
2880 2366 3176 2465 praedia

727 2492 1095 2591 Apollinis
1133 2519 1170 2563 a
1215 2491 1624 2563 uicinarum
1659 2492 2038 2566 ciuitatum
2088 2493 2278 2589 agris
2318 2492 2957 2590 distinguebantur
2981 2492 3175 2562 haud

727 2617 956 2688 semel
987 2616 1463 2704 constitutos3
1511 2626 1883 2714 postremo
1929 2617 2509 2714 amphictyonici
2562 2616 2858 2687 concilii
2908 2626 3175 2687 statum

727 2742 1057 2812 uicissim
1083 2740 1175 2812 ab
1208 2742 1569 2837 August0‚
1597 2741 1891 2811 Nerone
1923 2742 2256 2831 fortasse,
2294 2741 2673 2837 Hadriano
2706 2740 3176 2811 immutatum

728 2877 973 2964 atque,
1028 2866 1216 2937 sicut
1264 2865 1442 2953 dixi,
1494 2866 1567 2935 in
1615 2866 1874 2936 eodem
1927 2893 2193 2963 genere
2234 2893 2429 2938 noua
2462 2866 2551 2937 de
2592 2864 2883 2964 Pythiis
2930 2891 3175 2963 praes-

727 2991 959 3089 cripta
1014 3015 1357 3087 nouaque
1394 2989 1796 3061 certamina
1832 2990 2375 3087 antiquioribus
2419 2990 2705 3062 addita:
2762 2989 3044 3060 utinam
3085 2988 3174 3059 de

728 3114 1074 3186 omnibus
1113 3115 1258 3185 illis
1303 3114 1521 3185 rebus
1562 3116 1770 3212 plura
1817 3140 2215 3211 congerere
2256 3115 2496 3202 liceat,
2542 3123 2933 3212 postquam
2984 3114 3175 3211 frag-

728 3249 977 3311 menta
1015 3241 1225 3339 plura
1265 3240 1340 3311 in
1379 3266 1609 3311 unum
1650 3240 1945 3311 redacta
1985 3244 2239 3312 erunt!
2733 3233 2741 3246 ’

827 3365 1041 3435 Nunc
1068 3390 1246 3435 uero
1280 3390 1426 3435 non
1461 3391 1735 3450 rerum,
1770 3365 1898 3435 sed
1918 3376 2338 3462 temporum
2370 3365 2488 3436 hic
2516 3393 2810 3463 quoque
2842 3367 3178 3439 ordinem
3238 3419 3243 3422 -

730 3489 940 3586 sequi
982 3489 1262 3559 mutilis
1304 3488 1766 3560 documentis
1806 3489 2164 3586 cogimur.
2203 3481 2703 3572 Quamobrem
2741 3491 2830 3563 de
2872 3491 3181 3588 singulis

727 3612 1299 3711 imperatoribus
1340 3613 1684 3710 colligere
1726 3613 1979 3684 titulos
2017 3612 2349 3684 nondum
2382 3625 2596 3685 notos
2636 3626 2940 3691 conatus
2984 3642 3174 3703 sum,

727 3738 1054 3836 primum
1104 3738 1383 3809 scilicet
1421 3747 1824 3809 statuarum
1869 3737 2386 3835 inscriptiones
2426 3738 2531 3810 eis
2571 3765 2973 3836 eorumque
3014 3765 3180 3837 pro-

730 3861 1029 3959 pinquis
1075 3861 1615 3946 dedicatarum,
1672 3861 1842 3933 dein
1885 3860 2365 3959 epistularum
2426 3862 2714 3960 potiora
2772 3865 3179 3960 fragmenta

734 4012 921 4082 quae
954 3985 1045 4056 ab
1086 3986 1189 4056 eis
1216 3996 1339 4056 aut
1368 3985 1457 4056 ad
1486 4011 1610 4056 eos
1643 3986 1907 4058 missae
1940 3997 2133 4057 sunt.

834 4243 1052 4325 Quod
1093 4243 1181 4316 ad
1229 4245 1635 4316 AvasTvM
1683 4245 1925 4342 ipsum
1978 4245 2231 4315 attinet
2290 4244 2393 4313 nil
2444 4243 2803 4315 habemus
2849 4268 2863 4315 ε
2927 4256 3179 4343 postea

738 4394 917 4439 uero
971 4394 1128 4440 rem
1170 4368 1848 4474 amphictyonicam
1903 4395 1947 4439 a
1992 4368 2166 4439 diuo
2219 4370 2556 4466 Augusto
2607 4369 2849 4441 denuo
2903 4369 3178 4440 consti-
