3692 5643
1082 634 1170 679 DE
1222 633 1784 681 AMPHICTYONVM
1827 632 2237 679 EP1MELETIS
2777 609 2868 679 55

413 787 611 859 linus
653 787 771 859 cui
806 787 987 884 imp.
1029 785 1558 858 Domitianus
1538 810 1735 857 iussa
1769 813 1902 858 sua
1939 785 2052 857 de
2075 785 2363 885 pythiis
2401 788 2874 925 exsequeuda

415 912 789 984 commisit
827 913 875 999 ¹,
922 922 993 982 et
1024 910 1412 998 EubiotuS,
1457 921 1527 981 et
1568 911 1947 981 Petraeus

516 1036 745 1108 Cuius
789 1035 1130 1134 exemplo
1189 1035 1702 1107 consistamus
1759 1035 1842 1107 L.
1905 1034 2103 1106 enim
2164 1034 2461 1108 Cassius
2520 1036 2873 1109 Petraeus

417 1160 811 1259 epimeleta
848 1160 987 1230 fuit
1032 1160 1103 1229 in
1159 1160 1398 1257 primo
1438 1159 1742 1230 secundi
1805 1159 2524 1261 saeculi-decenum,
2587 1171 2735 1247 aut,
2791 1172 2869 1233 ut

414 1286 741 1384 pressius
782 1286 1067 1381 loquar,
1132 1284 1327 1355 inter
1378 1309 1611 1354 annos
1667 1285 1800 1355 102
1854 1294 1925 1355 et
1976 1285 2139 1372 114,
2196 1310 2364 1355 cum
2420 1283 2654 1356 statua
2679 1284 2860 1383 imp.

414 1410 728 1481 Traiano
778 1408 868 1480 ab
914 1407 1593 1505 Amphictyonibus
1652 1407 1986 1479 dedicata
2032 1416 2141 1479 est
2169 1409 2222 1478 2.
2280 1407 2566 1482 Paucos
2620 1420 2864 1480 autem

415 1544 581 1633 post
621 1558 854 1604 annos
903 1533 1208 1604 alteram
1265 1531 1507 1603 eidem
1560 1532 1989 1631 imperatori
2043 1543 2357 1603 statuam
2403 1533 2558 1632 ipse
2610 1559 2868 1604 conse-

415 1659 649 1730 crauit
696 1683 709 1729 :

681 1814 1108 1899 Αὔτοκράτορα
1136 1812 1407 1899 Νέρίόαν
1445 1812 1741 1897 Τραιανον
1781 1813 1937 1878 Καί-

688 1957 838 2015 σαρα
878 1931 1175 1995 Σεὸαστον
1214 1931 1606 2016 ΓερΙμανικον
1647 1929 1907 1994 Δακικον

678 2043 961 2130 ”Αριστον
1010 2046 1093 2113 Λ.
1151 2046 1412 2122 Κάσσιος
1483 2042 1492 2130 Ι
1553 2045 1807 2130 Δερκίου
1852 2052 1971 2121 υἷος
2021 2046 2289 2129 Πετραῖ-

684 2189 747 2238 ος
781 2167 849 2227 ἐκ
881 2171 994 2227 τῶν
1021 2164 1203 2227 ἰδίων.

515 2329 599 2397 In
641 2328 780 2399 hoc
808 2327 1021 2398 titulo
1059 2328 1273 2399 sicuti
1313 2329 1526 2426 plane
1563 2327 1635 2405 in
1668 2328 1795 2397 illo
1819 2353 2041 2424 quem
2074 2328 2131 2396 I.
2173 2327 2512 2397 Pomtow
2551 2324 2863 2410 inuenit,

418 2479 564 2523 non
590 2453 1020 2550 epimeletae
1053 2452 1196 2523 iam
1230 2454 1368 2523 fert
1400 2479 1670 2523 nomen
1703 2478 1718 2539 3
1752 2478 1888 2523 nec
1927 2451 2152 2522 ullam
2177 2450 2520 2522 uidelicet
2552 2449 2866 2520 habebat

418 2603 712 2648 causam
754 2577 933 2673 quin
971 2604 1057 2648 eo
1096 2604 1253 2648 sese
1290 2577 1668 2648 decoraret
1695 2577 1755 2647 si
1794 2587 1969 2646 tunc
2000 2575 2383 2674 potuisset.
2441 2574 2645 2645 Haec
2691 2600 2868 2645 uero

418 2701 644 2770 altera
683 2700 973 2770 Traiani
1006 2700 1202 2771 basis
1242 2710 1540 2798 propter
1571 2725 1982 2796 cognomen
2018 2698 2403 2796 Optimum
2437 2698 2649 2768 annis
2679 2697 2872 2767 inter

422 2826 560 2895 114
592 2835 663 2896 et
702 2826 838 2896 116
872 2836 1070 2897 certo
1101 2825 1492 2897 tribuenda
1516 2835 1648 2910 est,
1683 2824 1856 2895 inde
1886 2850 2131 2895 sumes
2168 2824 2561 2895 Petraeum
2595 2821 2870 2920 epime-

417 2951 893 3021 letamantea
929 2949 1176 3040 fuisse,
1224 2949 1544 3044 sednon
1581 2948 1726 3019 illis
1770 2951 1914 3019 iam
1961 2947 2195 3019 annis.

516 3074 625 3144 Ex
665 3076 891 3146 altera
944 3101 1140 3146 nunc
1193 3086 1396 3172 parte
1444 3072 1817 3144 Plutarchi
1862 3072 2089 3143 uerba
2128 3075 2153 3117 3
2193 3072 2360 3143 trita
2405 3071 2706 3168 quidem
2742 3070 2867 3142 sed

419 3199 751 3270 nondum
809 3226 927 3270 me
970 3200 1222 3270 saltem
1280 3198 1522 3269 iudice
1574 3198 1927 3269 exhausta
1988 3207 2407 3294 repetamus
2453 3219 2467 3266 t
2522 3195 2642 3267 καὶ
2728 3193 2865 3292 μὴν

418 3326 619 3402 οἶσθά
661 3359 744 3429 με
782 3339 884 3428 τῷ
928 3324 1170 3428 Πυθίῳ
1193 3331 1738 3429 λειτουργοῦντα
1782 3319 2490 3414 πολλὰςοΠυθιάδας,
2530 3322 2701 3399 ἀλλ’
2734 3336 2862 3398 οὐκ

416 3466 499 3538 ἂν
541 3470 753 3550 εἴποις
801 3486 813 3498 ·
866 3464 1065 3537 ἱκανά
1117 3493 1249 3547 σοι,
1281 3461 1336 3535 ὦ
1387 3456 1845 3563 Πλόυταρχε,
1892 3463 2174 3535 τέθυται
2219 3462 2335 3533 καὶ
2374 3461 2863 3558 πεπόμπευται

417 3600 535 3671 καὶ
590 3599 1030 3700 κεχόρευται,
1094 3614 1214 3672 νῦν
1280 3589 1340 3668 δ’
1387 3598 1534 3695 ὥρα
1614 3593 2084 3695 πρεσβύτερον
2135 3592 2300 3668 ’όντα
2348 3599 2466 3668 τον
2528 3591 2866 3693 στέφανον

417 3723 790 3796 ἀποθέσθαι
972 3724 1202 3807 Quae,
1240 3723 1410 3794 licet
1448 3721 1808 3794 facundus
1849 3721 1969 3791 ille
1997 3720 2309 3819 scriptor
2363 3745 2513 3790 non
2576 3719 2870 3815 semper

416 3860 750 3921 accurate
771 3850 1139 3947 quuatur,
1159 3848 1251 3919 ad
1272 3859 1599 3919 nostram
1628 3873 1783 3917 rem
1804 3825 2150 3916 uidentur
2170 3844 2557 3941 quadrare.
2576 3835 2871 3914 Τέθυται

418 3983 617 4054 enim
641 3982 1044 4054 sacerdotis
1069 3992 1201 4071 est,
1230 3981 1383 4062 sed,
1420 3991 1503 4051 ut
1535 3979 2115 4078 praetermittam
2145 3976 2630 4074 πεπόμπευται
2689 3974 2869 4046 illud

490 4164 540 4214 1.
583 4160 668 4213 Cf.
705 4178 833 4231 cap.
867 4179 908 4211 11
931 4178 1064 4231 pars
1093 4160 1190 4212 ubi
1217 4160 1289 4212 de
1326 4159 1653 4211 Domitiano
1680 4158 1891 4227 agitur.

486 4252 539 4305 2.
583 4250 802 4303 Baseos
828 4250 1131 4319 inscriptio
1157 4267 1213 4303 n.
1250 4249 1386 4300 3447
1417 4248 1631 4317 legitur
1660 4245 1820 4298 BCII
1841 4247 1941 4297 XX
1965 4263 2020 4316 p.
2067 4245 2200 4310 724;
2237 4244 2401 4296 cuius
2447 4244 2507 4295 in
2548 4261 2603 4297 u.
2657 4244 2687 4296 5
2725 4261 2865 4314 sup-

418 4339 697 4410 plendum
724 4355 856 4392 esse
879 4339 1113 4409 [Δερκίου
1136 4340 1243 4389 υἱοῦ
1268 4336 1548 4406 Πετρ]αίου
1573 4335 1835 4388 ostendit
1859 4335 2063 4386 titulus
2084 4350 2254 4404 quem
2278 4333 2496 4404 publici
2520 4333 2662 4385 iuris
2691 4332 2861 4386 facio·

488 4431 539 4483 3.
579 4430 671 4480 An
692 4428 815 4480 seni
843 4444 991 4497 resp.
1024 4425 1277 4497 yerenda
1309 4427 1401 4492 sit,
1432 4428 1518 4493 17,
1547 4442 1602 4495 p.
1631 4425 1735 4476 792
1765 4425 1825 4478 F.
