3692 5643
798 725 891 795 90
1493 751 1581 796 DE
1635 751 2144 798 IMPERATORVM
2196 751 2552 797 EPISTVLIS

898 913 1274 1010 Perpauca
1313 910 1550 984 habeo
1578 938 1765 1010 quae
1811 912 2100 985 addam.
2142 914 2233 986 V.
2271 915 2302 983 1
2345 904 2701 1012 Παρθικοῦ
2745 912 2989 997 υἱωνός
3020 915 3255 985 Anto-

801 1036 1020 1109 ninus
1054 1036 1254 1109 solus
1292 1036 1439 1109 dici
1478 1047 1761 1136 potest;
1801 1049 1869 1110 et
1910 1064 1984 1111 u.
2021 1039 2064 1108 4
2096 1037 2610 1137 supplementa
2648 1037 2819 1110 ideo
2849 1049 3048 1111 certa
3083 1049 3259 1110 sunt

798 1161 997 1260 quod
1035 1188 1190 1234 non
1238 1161 1875 1261 Amphictyonum
1917 1174 2202 1234 tantum
2259 1162 2387 1235 sed
2442 1163 2903 1261 Delphorum
2954 1189 3257 1261 quoque

800 1285 1122 1359 maxime
1176 1286 1531 1359 intererat
1578 1286 1869 1385 Pythiis
1921 1314 2118 1360 noua
2172 1289 2534 1386 quaedam
2580 1288 2982 1360 certamina
3031 1288 3250 1359 adici.

802 1411 916 1483 De
975 1411 1094 1483 his
1147 1411 1452 1485 musicis
1488 1411 2019 1485 certaminibus
2061 1413 2298 1487 multo
2338 1414 2551 1512 plura
2608 1412 2861 1485 doceri
2902 1413 3251 1485 uelimus.

803 1544 1024 1628 Quod
1066 1545 1412 1618 uidemus
1456 1571 1746 1618 nouum
1780 1543 2155 1645 ἀγώνισμα
2192 1547 2611 1618 institutum
2650 1572 2799 1643 quo
2840 1528 2913 1618 et
2951 1548 3265 1618 fortasse

806 1669 1120 1767 Pythius
1148 1670 1422 1768 Apollo
1462 1681 1536 1743 et
1566 1681 1767 1743 certo
1803 1670 2022 1742 diuus
2054 1670 2477 1743 Hadrianus
2509 1671 2612 1768 (u.
2656 1671 2905 1762 22-23)
2945 1671 3264 1769 hymno-

806 1819 972 1866 rum
1025 1793 1366 1867 laudibus
1427 1794 1784 1867 efferendi
1834 1806 2101 1883 essent,
2165 1795 2351 1869 nihil
2404 1795 2760 1867 miramur
2791 1797 2858 1882 ¹3
2908 1821 3043 1867 nec
3082 1821 3261 1893 pro-

803 1917 1085 1991 bilitate
1128 1929 1328 1992 caret
1365 1920 1698 2020 Delphos
1737 1919 2016 1993 maiore
2055 1919 2324 2018 gaudio
2372 1920 2677 1992 dilectae
2725 1920 2945 1992 huius
2986 1945 3267 1991 memo-

808 2042 960 2115 riae
995 2043 1315 2116 honores
1353 2044 1721 2116 rettulisse
1766 2071 1987 2142 quam
2028 2055 2366 2117 senatum
2401 2070 2818 2116 romanum.

904 2166 1050 2241 Sed
1097 2168 1276 2265 quid
1315 2168 1404 2241 de
1427 2166 1757 2267 'Pythica
1811 2171 1971 2267 lege
2026 2180 2204 2241 tunc
2251 2169 2665 2241 decreuerit
2703 2169 3130 2241 Antoninus
3170 2214 3265 2226 --

807 2327 976 2374 nam
1011 2301 1197 2374 nihil
1229 2303 1374 2375 huc
1402 2302 1581 2375 facit
1602 2304 2147 2376 uetustissimus
2175 2303 2301 2376 ille
2327 2302 2615 2386 πυθικὸς
2650 2302 2859 2400 νόμος
2879 2313 3057 2374 —et
3082 2328 3264 2372 num

810 2426 1282 2499 Domitianus
1321 2454 1391 2499 u.
1436 2428 1482 2499 8
1522 2427 1861 2500 laudetur
1891 2439 1973 2501 ut
2016 2428 2144 2525 qui
2188 2428 2400 2500 ludos
2446 2428 2521 2499 in
2562 2427 2953 2526 pristinum
2994 2436 3267 2499 statum

809 2551 1240 2642 restituerit,
1289 2578 1438 2625 non
1479 2552 1800 2625 dilucide
1840 2553 2308 2652 perspicitur.

911 2677 1021 2748 Ex
1064 2677 1650 2774 fragmentorum
1687 2677 2156 2750 multitudine
2192 2676 2463 2775 quibus
2497 2677 2880 2749 adseruata
2911 2688 3081 2748 sunt
3115 2703 3266 2748 non

810 2813 1050 2885 solum
1101 2810 1329 2884 uerba
1391 2814 1624 2910 ἡμῶν,
1652 2814 1965 2911 ἡμετέρα
2005 2808 2255 2910 γνώμη
2305 2823 2477 2900 cet„
2532 2810 2660 2884 sed
2704 2810 2921 2884 etiam
2964 2811 3269 2883 nomina

768 2924 776 2930 ’
813 2936 1173 3035 quaedam
1215 2948 1340 3009 aut
1376 2938 1820 3036 cognomina
1846 2937 2346 3035 imperatoria,
2383 2937 2698 3009 efficitur
2735 2937 2836 3010 M.
2884 2938 3270 3008 AvRssleM

812 3071 886 3132 et
925 3062 1004 3134 L.
1048 3062 1312 3134 Vmwu
1347 3064 1373 3108 ‘²
1402 3089 1623 3136 unam
1660 3074 1789 3135 aut
1817 3063 2121 3135 alteram
2149 3063 2537 3161 epistulam
2580 3072 2650 3133 et
2673 3063 2986 3134 ‘fortasse
3018 3061 3272 3161 plures

814 3185 906 3258 ad
946 3186 1278 3286 Delphos
1299 3187 1584 3260 misisse
1613 3212 1629 3274 ;
1661 3187 2013 3286 idemque
2048 3186 2195 3260 dici
2224 3197 2460 3286 potest
2492 3186 2581 3259 de
2613 3186 2957 3259 Suri-mlo
2989 3180 3300 3259 SEVERO·

813 3322 886 3383 et
946 3311 1036 3383 de
1104 3311 1564 3385 CARACALLA.
1634 3312 1781 3386 Sed
1852 3293 2384 3385 minutissimas
2451 3310 2799 3409 reliquias
2869 3337 3273 3409 congerere

815 3436 1148 3508 nondum
1191 3437 1376 3509 mihi
1414 3437 1756 3536 contigit;
1788 3464 2018 3509 unum
2047 3448 2329 3512 tantum
2363 3437 2890 3509 documentum
2920 3435 3276 3535 probabiss

815 3561 985 3634 liter
1023 3562 1407 3634 restituere
1440 3567 1464 3606 3
1495 3563 1878 3663 hucusque
1918 3562 2153 3662 potui.

1173 3741 1633 3832 [Αὒ]τοκράτωρ
1673 3743 1970 3831 Καῖ[σαρ,
2007 3752 2139 3810 θεοῦ
2173 3742 2454 3829 Μάρκευ]

1182 3858 1536 3928 Ἀντωνίνου
1588 3862 1888 3938 Εὒσεὸοΰς
1923 3858 2382 3946 [Ἀρμενιακεῦ]

1205 3977 1585 4063 Σαρματικοῦ
1624 3982 1768 4057 υἱός,
1796 3985 1929 4043 θεοῦ
1962 3974 2270 4061 Κο[μὸδου
2311 3973 2515 4061 ἀδελ-]

889 4147 937 4200 1.
981 4145 1207 4199 Titulus
1232 4145 1589 4199 Coronensis
1633 4145 1714 4199 IG
1757 4145 1861 4198 VII
1888 4147 2028 4200 2870
2058 4145 2171 4198 iam
2205 4162 2311 4198 nos
2337 4143 2536 4197 docuit
2567 4161 2680 4214 qua
2711 4142 3041 4196 reuerentia
3075 4142 3273 4194 Anto-

823 4235 996 4287 ninus
1024 4235 1363 4287 memoriam
1395 4235 1516 4288 diui
1548 4235 1728 4305 patris
1758 4235 2026 4305 coluerit.

887 4326 939 4376 2.
982 4323 1279 4393 Epistulae
1303 4324 1605 4377 cuiusdam
1632 4342 1663 4376 a
1690 4322 1978 4376 Couuono
2010 4323 2223 4375 missae
2246 4322 2477 4374 initium
2500 4321 2770 4374 mutilum
2793 4319 3283 4390 habemuS‚quod

817 4412 928 4464 iam
961 4430 1015 4483 p.
1051 4413 1111 4464 71
1145 4413 1494 4476 memoraui;
1524 4413 1891 4482 alterumque
1931 4412 2160 4465 initium
2187 4410 2343 4482 quod
2369 4410 2527 4463 BCH
2557 4409 2763 4462 XXVII
2806 4426 2862 4479 p.
2904 4411 3005 4462 172
3043 4408 3280 4461 editum

813 4506 904 4554 est
943 4501 1193 4554 fortasse
1231 4501 1552 4555 Commodo
1591 4507 1650 4554 et
1681 4501 1754 4554 M.
1791 4501 1960 4553 Didio
1991 4501 2211 4553 Iuliano
2243 4499 2551 4554 tribuetur.

887 4591 937 4645 3.
985 4590 1210 4662 Fragm.
1235 4591 1394 4643 BCH
1414 4590 1488 4642 VI
1520 4609 1575 4661 p.
1604 4591 1704 4642 453
1730 4590 1974 4656 editum,
2008 4590 2129 4654 880,
2160 4590 2283 4656 989,
2328 4590 2486 4654 3530,
2531 4589 2687 4641 1278.
