3692 5643
1231 675 1319 722 DE
1369 671 1879 723 nupssnxroavm
1929 674 2281 721 EPISTVLIS
2923 655 3005 724 71

559 821 597 861 '³
627 828 731 898 ·In
762 820 1112 898 inferiore
1148 821 1367 925 parte
1395 827 1980 925 fragmentorum
2014 828 2207 899 3954
2239 838 2311 899 et
2345 828 2537 901 3800
2572 828 2760 902 nihil
2798 857 3012 929 supe-

521 947 714 1025 ·rest‘
754 962 1047 1051 praeter
1118 952 1404 1050 aliquot
1471 952 1728 1023 mutila
1800 952 2335 1050 imperatorum
2416 952 2720 1026 nomina
2791 966 3010 1055 atque
3115 959 3119 963 ’

544 1077 985 1174 cognomina
1027 1103 1117 1148 ex
1170 1076 1440 1174 quibus
1478 1076 1727 1175 colligi
1774 1085 2018 1174 potest
2074 1076 2464 1174 epistulam
2513 1104 2554 1150 a
2594 1058 3010 1152 Commodo

546 1201 852 1275 missam
895 1201 1168 1273 multos
1201 1210 1368 1299 post
1406 1226 1641 1273 annos
1682 1199 1938 1272 subter
1977 1200 2272 1273 Traiani
2319 1202 2668 1299 epistulas
2700 1202 3009 1277 incisam

555 1351 757 1423 esse.¹

641 1449 754 1521 De
795 1450 911 1521 his
937 1476 1115 1522 uero
1160 1449 1494 1550 epistulis
1538 1449 1713 1521 satis
1748 1450 1838 1521 ad
1880 1475 2015 1522 nos
2060 1450 2401 1548 peruenit
2442 1460 2524 1522 ut
2574 1452 3007 1525 luculentis-

543 1574 727 1646 sime
771 1585 1128 1674 appareat'
1159 1600 1383 1672 quam
1429 1573 1902 1672 imperatoria
1943 1574 2306 1646 breuitate
2347 1575 2703 1648 Traianus
2742 1603 3007 1677 quaes-

519 1699 782 1771 tiones
818 1699 1365 1801 profligauerit„
1391 1698 1596 1770 Nihil
1635 1699 1835 1770 enim
1877 1698 2143 1770 tumidi
2183 1698 2258 1770 in
2300 1700 2426 1771 illo
2477 1699 2754 1790 animo,
2813 1700 3004 1775 nihil

545 1823 1101 1922 superuacanei,
1173 1823 1422 1895 omnia
1460 1848 1713 1922 pressa
1774 1833 1848 1895 et
1902 1823 2008 1895 rei
2060 1834 2342 1922 aptata;
2407 1850 2544 1897 nec
2604 1824 2696 1896 de
2749 1826 3000 1925 uerbis

542 1948 889 2020 omnibus
942 1974 1367 2020 asseuerare
1398 1949 1713 2046 possim,
1762 1947 1891 2046 sed
1937 1949 2379 2020 sententiam
2424 1975 2510 2020 eo
2540 1948 3004 2047 probabilius

531 2064 893 2169 *agnosces
933 2071 1132 2169 quod
1170 2082 1480 2170 utroque
1522 2072 1968 2144 documento
2010 2071 2100 2143 de
2140 2071 2404 2144 iisdem
2450 2073 2673 2145 rebus
2720 2074 2984 2171 agitur.

548 2197 634 2267 In
669 2196 920 2294 priore
959 2194 1157 2267 enim
1183 2196 1385 2292 quod
1418 2223 1519 2268 m.
1558 2208 1701 2269 oct.
1740 2206 1867 2267 aut
1900 2222 2076 2269 nou.
2124 2222 2188 2268 a.
2236 2199 2329 2267 98
2351 2197 2867 2269 collocandum
2892 2209 3003 2270 est

441 2381 446 2386 .
533 2332 614 2393 et
647 2320 929 2420 praemi
966 2347 1006 2392 a
1042 2319 1354 2418 Delphis
1385 2347 1425 2391 a
1474 2320 1986 2418 superioribus
2039 2319 2611 2419 imperatoribus
2650 2347 2999 2394 concessa

543 2445 901 2517 Traianus
938 2453 1289 2543 prorogat
1327 2455 1400 2516 et
1440 2444 1528 2516 de
1569 2444 1892 2545 quodam
1941 2444 2399 2543 Pythodoro,
2455 2446 2747 2543 Delpho
2806 2446 3007 2518 scili-

541 2579 681 2658 cet,
718 2569 1072 2640 aduersus
1113 2595 1336 2667 quem
1381 2569 1719 2641 statuisse
1750 2595 2059 2671 procos,¹
2088 2569 2245 2668 ipse
2296 2569 2738 2642 Saturninus
2786 2570 2997 2641 uide-

538 2704 658 2766 tur
698 2694 806 2765 rei
853 2692 1211 2764 iudicium
1257 2694 1588 2792 suscipit.
1629 2674 1855 2764 Dein·
1888 2694 2192 2765 alterius
2267 2694 2506 2781 initio,
2568 2721 2991 2793 quanquam

542 2827 724 2926 lapis
770 2828 899 2900 illo
951 2828 1115 2900 loco
1177 2827 1446 2899 misere
1514 2827 1983 2926 deprauatus'
2025 2838 2159 2917 est,
2224 2828 2537 2900 uerbum
2607 2831 2991 2927 αὐτονομία

534 2951 694 3024 sine
740 2952 966 3024 dubio
1033 2952 1313 3025 indicat
1372 2952 1761 3050 priuilegia
1820 2961 1990 3050 post
2030 2978 2305 3024 annum
2356 2995 2456 3007 —
2484 2979 2654 3025 nam
2694 2953 2980 3025 litterae

534 3075 745 3155 datae
782 3087 955 3148 sunt
992 3087 1158 3148 ante
1200 3077 1301 3149 id.
1339 3103 1513 3148 nou.
1544 3104 1608 3149 a.
1638 3078 1730 3148 99
1760 3093 1857 3131 —‘-
1886 3076 2128 3149 denuo
2170 3076 2516 3149 renouari
2555 3087 2629 3148 et
2665 3077 2741 3147 in
2760 3077 2990 3149 altera

538 3211 740 3299 parte
834 3201 1125 3273 iterum·
1167 3197 1260 3273 'de
1328 3201 1560 3272 multa
1622 3201 2054 3300 Pythodoro
2128 3179 2405 3273 indicta
2457 3202 2984 3299 imperatorem

538 3325 859 3397 scribere
888 3326 1144 3423 liquet.

634 3449 1058 3522 Herennius
1087 3450 1528 3523 Saturninus
1567 3450 1764 3522 idem
1792 3476 1953 3522 esse
1994 3459 2258 3549 potest,
2314 3449 2515 3547 quod
2553 3448 2985 3521 iamdudum

532 3574 816 3647 conieci
857 3575 909 3662 ¹,
952 3575 1043 3646 ad
1082 3601 1303 3673 quem
1354 3575 1791 3646 Plutarchus
1830 3574 2162 3647 libellum
2201 3574 2403 3645 misit
2436 3575 2564 3671 qui
2624 3573 2987 3645 aduersus

533 3698 845 3771 Coloten
895 3698 1345 3771 inscribitur.
1411 3699 1522 3769 De
1579 3698 2010 3797 Pythodoro
2069 3709 2315 3770 autem
2387 3698 2492 3769 nil
2565 3698 2743 3786 scio,
2812 3723 2983 3768 nam

530 3823 869 3896 diuersus
945 3823 1237 3895 uidetur
1298 3849 1455 3895 esse
1528 3835 1599 3894 et
1665 3823 1758 3895 ab
1833 3823 1960 3894 illo
2030 3823 2462 3920 Xenagorae
2525 3822 2678 3893 filio
2758 3848 2984 3919 quem

532 3949 962 4021 archontem
1017 3948 1259 4046 primo
1324 3947 1619 4020 saeculo
1672 3947 1900 4018 fuisse
1976 3948 2325 4019 nouimus
2370 3957 2442 4018 et
2499 3974 2540 4019 a
2608 3947 2692 4017 P.
2764 3946 2982 4017 Aelio

533 4072 960 4170 Pythodoro
1000 4072 1128 4170 qui
1169 4072 1428 4143 eodem
1471 4098 1777 4142 munere
1815 4070 2195 4143 Hadriano
2245 4072 2653 4170 imperante
2683 4071 2981 4142 functus

533 4206 664 4268 est.
705 4197 898 4268 Eum
939 4197 1282 4294 equidem
1324 4223 1497 4295 erga
1513 4197 1757 4267 Deum
1800 4197 1920 4267 uel
1958 4195 2203 4294 potius
2225 4222 2396 4293 erga
2419 4196 2559 4267 Dei
2586 4194 2978 4294 pecuniam

602 4501 650 4551 1.
696 4499 784 4553 Cf.
821 4500 1085 4569 Comptes
1117 4499 1328 4551 rendus
1356 4499 1537 4553 Acad.
1567 4498 1750 4551 Inscr.
1789 4499 1858 4553 Β.
1887 4498 1955 4552 L.
1992 4498 2149 4566 1896,
2185 4516 2242 4569 p.
2272 4498 2360 4553 88.
