<?xml version="1.0" encoding="UTF-8"?>
<!DOCTYPE html PUBLIC "-//W3C//DTD XHTML 1.0 Transitional//EN"
    "http://www.w3.org/TR/xhtml1/DTD/xhtml1-transitional.dtd">
<html xmlns="http://www.w3.org/1999/xhtml" xml:lang="en" lang="en">
 <head>
  <title>
</title>
<meta http-equiv="Content-Type" content="text/html;charset=utf-8" />
  <meta name='ocr-system' content='tesseract 3.04.00' />
  <meta name='ocr-capabilities' content='ocr_page ocr_carea ocr_par ocr_line ocrx_word'/>
</head>
<body>
  <div class='ocr_page' id='page_1' title='image "./derebusdelphici01bourgoog_0029.png"; bbox 0 0 3692 5643; ppageno 0'>
   <div class='ocr_carea' id='block_1_1' title="bbox 1387 613 2921 683">
    <p class='ocr_par' dir='ltr' id='par_1_1' title="bbox 1387 613 2921 683">
     <span class='ocr_line' id='line_1_1' title="bbox 1387 613 2921 683; baseline 0.001 -3"><span class='ocrx_word' id='word_1_1' title='bbox 1387 636 1476 680; x_wconf 71' lang='lat' dir='ltr'>nn</span> <span class='ocrx_word' id='word_1_2' title='bbox 1532 635 2022 683; x_wconf 72' lang='lat' dir='ltr'>AnonoN&#39;rfflvs</span> <span class='ocrx_word' id='word_1_3' title='bbox 2835 613 2921 682; x_wconf 79' lang='lat'>21</span> 
     </span>
    </p>
   </div>
   <div class='ocr_carea' id='block_1_2' title="bbox 471 774 2931 1517">
    <p class='ocr_par' dir='ltr' id='par_1_2' title="bbox 471 774 2931 1517">
     <span class='ocr_line' id='line_1_2' title="bbox 475 774 2931 885; baseline 0 -25"><span class='ocrx_word' id='word_1_4' title='bbox 475 813 746 860; x_wconf 92' lang='lat' dir='ltr'>nomen</span> <span class='ocrx_word' id='word_1_5' title='bbox 797 780 1235 860; x_wconf 72' lang='lat' dir='ltr'><strong>adfectatam</strong></span> <span class='ocrx_word' id='word_1_6' title='bbox 1285 787 1801 884; x_wconf 78' lang='lat' dir='ltr'><strong>antiquitatem</strong></span> <span class='ocrx_word' id='word_1_7' title='bbox 1851 787 2156 876; x_wconf 82' lang='lat' dir='ltr'>redolet,</span> <span class='ocrx_word' id='word_1_8' title='bbox 2216 788 2585 885; x_wconf 87' lang='lat' dir='ltr'>siquidem</span> <span class='ocrx_word' id='word_1_9' title='bbox 2647 774 2730 861; x_wconf 92' lang='lat' dir='ltr'>ut</span> <span class='ocrx_word' id='word_1_10' title='bbox 2783 785 2931 883; x_wconf 46' lang='lat' dir='ltr'>uoq(</span> 
     </span>
     <span class='ocr_line' id='line_1_3' title="bbox 472 910 2930 1013; baseline 0 -29"><span class='ocrx_word' id='word_1_11' title='bbox 472 919 812 1013; x_wconf 61' lang='grc' dir='ltr'>προφῆτις</span> <span class='ocrx_word' id='word_1_12' title='bbox 868 937 909 983; x_wconf 91' lang='lat' dir='ltr'>a</span> <span class='ocrx_word' id='word_1_13' title='bbox 986 911 1283 1010; x_wconf 88' lang='lat' dir='ltr'>poetis1</span> <span class='ocrx_word' id='word_1_14' title='bbox 1364 910 1454 983; x_wconf 92' lang='lat' dir='ltr'>de</span> <span class='ocrx_word' id='word_1_15' title='bbox 1516 912 1782 1010; x_wconf 84' lang='lat' dir='ltr'>Pythia</span> <span class='ocrx_word' id='word_1_16' title='bbox 1850 913 2215 1011; x_wconf 90' lang='lat' dir='ltr'>usurpari,</span> <span class='ocrx_word' id='word_1_17' title='bbox 2283 913 2383 984; x_wconf 92' lang='lat' dir='ltr'>ita</span> <span class='ocrx_word' id='word_1_18' title='bbox 2450 912 2790 985; x_wconf 85' lang='lat' dir='ltr'>sacerdos</span> <span class='ocrx_word' id='word_1_19' title='bbox 2838 911 2930 985; x_wconf 97' lang='lat' dir='ltr'>ab</span> 
     </span>
     <span class='ocr_line' id='line_1_4' title="bbox 477 1042 2931 1146; baseline 0.001 -31"><span class='ocrx_word' id='word_1_20' title='bbox 477 1045 779 1117; x_wconf 90' lang='lat' dir='ltr'>homine</span> <span class='ocrx_word' id='word_1_21' title='bbox 820 1045 950 1141; x_wconf 90' lang='lat' dir='ltr'>qui</span> <span class='ocrx_word' id='word_1_22' title='bbox 1009 1045 1474 1117; x_wconf 87' lang='lat' dir='ltr'>Herodoteos</span> <span class='ocrx_word' id='word_1_23' title='bbox 1503 1048 1541 1135; x_wconf 51' lang='lat'>‚2</span> <span class='ocrx_word' id='word_1_24' title='bbox 1593 1045 1821 1118; x_wconf 90' lang='lat' dir='ltr'>libros</span> <span class='ocrx_word' id='word_1_25' title='bbox 1870 1045 2300 1145; x_wconf 80' lang='lat' dir='ltr'>perlegisset</span> <span class='ocrx_word' id='word_1_26' title='bbox 2354 1042 2721 1146; x_wconf 78' lang='grc' dir='ltr'>προφήτης</span> <span class='ocrx_word' id='word_1_27' title='bbox 2783 1045 2931 1118; x_wconf 92' lang='lat' dir='ltr'>dici</span> 
     </span>
     <span class='ocr_line' id='line_1_5' title="bbox 473 1155 2930 1269; baseline 0 -29"><span class='ocrx_word' id='word_1_28' title='bbox 473 1170 736 1269; x_wconf 83' lang='lat' dir='ltr'>potuit.</span> <span class='ocrx_word' id='word_1_29' title='bbox 774 1171 939 1241; x_wconf 92' lang='lat' dir='ltr'>Non</span> <span class='ocrx_word' id='word_1_30' title='bbox 967 1170 1194 1266; x_wconf 88' lang='lat' dir='ltr'>igitur</span> <span class='ocrx_word' id='word_1_31' title='bbox 1211 1155 1302 1241; x_wconf 92' lang='lat' dir='ltr'>de</span> <span class='ocrx_word' id='word_1_32' title='bbox 1329 1171 1686 1243; x_wconf 89' lang='lat' dir='ltr'>Romanis</span> <span class='ocrx_word' id='word_1_33' title='bbox 1711 1181 1998 1242; x_wconf 90' lang='lat' dir='ltr'>tantum</span> <span class='ocrx_word' id='word_1_34' title='bbox 2032 1171 2313 1243; x_wconf 80' lang='lat' dir='ltr'>Seneca</span> <span class='ocrx_word' id='word_1_35' title='bbox 2332 1170 2544 1242; x_wconf 90' lang='lat' dir='ltr'>illum</span> <span class='ocrx_word' id='word_1_36' title='bbox 2572 1171 2930 1267; x_wconf 82' lang='lat' dir='ltr'>gemitum</span> 
     </span>
     <span class='ocr_line' id='line_1_6' title="bbox 471 1289 2930 1393; baseline 0 -28"><span class='ocrx_word' id='word_1_37' title='bbox 471 1294 647 1366; x_wconf 90' lang='lat' dir='ltr'>fecit</span> <span class='ocrx_word' id='word_1_38' title='bbox 691 1317 706 1365; x_wconf 76' lang='grc' dir='ltr'>ε</span> <span class='ocrx_word' id='word_1_39' title='bbox 768 1294 1177 1366; x_wconf 89' lang='lat' dir='ltr'>litterarum</span> <span class='ocrx_word' id='word_1_40' title='bbox 1229 1295 1796 1393; x_wconf 80' lang='lat' dir='ltr'>intemperantia</span> <span class='ocrx_word' id='word_1_41' title='bbox 1848 1289 2299 1385; x_wconf 78' lang='lat' dir='ltr'>laboramUS,</span> <span class='ocrx_word' id='word_1_42' title='bbox 2355 1295 2474 1367; x_wconf 92' lang='lat' dir='ltr'>cui</span> <span class='ocrx_word' id='word_1_43' title='bbox 2535 1305 2702 1368; x_wconf 93' lang='lat' dir='ltr'>ante</span> <span class='ocrx_word' id='word_1_44' title='bbox 2746 1295 2930 1367; x_wconf 84' lang='lat' dir='ltr'>alios</span> 
     </span>
     <span class='ocr_line' id='line_1_7' title="bbox 476 1418 1636 1517; baseline 0.001 -27"><span class='ocrx_word' id='word_1_45' title='bbox 476 1418 751 1517; x_wconf 87' lang='lat' dir='ltr'>Delphi</span> <span class='ocrx_word' id='word_1_46' title='bbox 817 1419 1158 1491; x_wconf 81' lang='lat' dir='ltr'>assentiri</span> <span class='ocrx_word' id='word_1_47' title='bbox 1197 1418 1636 1492; x_wconf 89' lang='lat' dir='ltr'>debuerunt.</span> 
     </span>
    </p>
   </div>
   <div class='ocr_carea' id='block_1_3' title="bbox 1214 1749 2178 1823">
    <p class='ocr_par' dir='ltr' id='par_1_3' title="bbox 1214 1749 2178 1823">
     <span class='ocr_line' id='line_1_8' title="bbox 1214 1749 2178 1823; baseline 0.003 -5"><span class='ocrx_word' id='word_1_48' title='bbox 1214 1749 1315 1821; x_wconf 94' lang='lat' dir='ltr'>II.</span> <span class='ocrx_word' id='word_1_49' title='bbox 1375 1791 1470 1802; x_wconf 95' lang='lat'>—-</span> <span class='ocrx_word' id='word_1_50' title='bbox 1519 1774 1608 1819; x_wconf 85' lang='lat' dir='ltr'>DE</span> <span class='ocrx_word' id='word_1_51' title='bbox 1634 1820 1637 1821; x_wconf 10' lang='grc' dir='ltr'><em>γ</em></span> <span class='ocrx_word' id='word_1_52' title='bbox 1663 1772 2178 1823; x_wconf 77' lang='lat' dir='ltr'>AnonoNrmvs.</span> 
     </span>
    </p>
   </div>
   <div class='ocr_carea' id='block_1_4' title="bbox 456 1952 2930 4159">
    <p class='ocr_par' dir='ltr' id='par_1_4' title="bbox 456 1952 2930 4159">
     <span class='ocr_line' id='line_1_9' title="bbox 514 1952 2925 2050; baseline 0 -26"><span class='ocrx_word' id='word_1_53' title='bbox 514 1952 525 1965; x_wconf 78' lang='lat'><em>&#39;</em></span> <span class='ocrx_word' id='word_1_54' title='bbox 574 1954 777 2025; x_wconf 82' lang='lat' dir='ltr'>Inte-r</span> <span class='ocrx_word' id='word_1_55' title='bbox 849 1955 1239 2025; x_wconf 81' lang='lat' dir='ltr'>archontes</span> <span class='ocrx_word' id='word_1_56' title='bbox 1325 1979 1644 2050; x_wconf 90' lang='lat' dir='ltr'>quorum</span> <span class='ocrx_word' id='word_1_57' title='bbox 1728 1954 2032 2026; x_wconf 87' lang='lat' dir='ltr'>nomina</span> <span class='ocrx_word' id='word_1_58' title='bbox 2106 1954 2184 2024; x_wconf 92' lang='lat' dir='ltr'>in</span> <span class='ocrx_word' id='word_1_59' title='bbox 2250 1953 2925 2025; x_wconf 89' lang='lat' dir='ltr'>manumissionum</span> 
     </span>
     <span class='ocr_line' id='line_1_10' title="bbox 472 2061 2929 2177; baseline -0 -28"><span class='ocrx_word' id='word_1_60' title='bbox 472 2077 938 2149; x_wconf 86' lang='lat' dir='ltr'>documentis</span> <span class='ocrx_word' id='word_1_61' title='bbox 965 2061 1388 2166; x_wconf 86' lang='lat' dir='ltr'>occurrunt,</span> <span class='ocrx_word' id='word_1_62' title='bbox 1420 2077 1713 2149; x_wconf 91' lang='lat' dir='ltr'>circiter</span> <span class='ocrx_word' id='word_1_63' title='bbox 1750 2078 2129 2176; x_wconf 86' lang='lat' dir='ltr'>sexaginta</span> <span class='ocrx_word' id='word_1_64' title='bbox 2169 2078 2409 2177; x_wconf 89' lang='lat' dir='ltr'>primo</span> <span class='ocrx_word' id='word_1_65' title='bbox 2441 2105 2516 2177; x_wconf 90' lang='lat' dir='ltr'>p.</span> <span class='ocrx_word' id='word_1_66' title='bbox 2563 2077 2739 2150; x_wconf 88' lang='lat' dir='ltr'>Chr.</span> <span class='ocrx_word' id='word_1_67' title='bbox 2768 2103 2929 2149; x_wconf 74' lang='lat' dir='ltr'>sae-</span> 
     </span>
     <span class='ocr_line' id='line_1_11' title="bbox 472 2201 2930 2301; baseline -0 -27"><span class='ocrx_word' id='word_1_68' title='bbox 472 2204 637 2274; x_wconf 90' lang='lat' dir='ltr'>culo</span> <span class='ocrx_word' id='word_1_69' title='bbox 678 2201 1103 2274; x_wconf 86' lang='lat' dir='ltr'>tribuuntur</span> <span class='ocrx_word' id='word_1_70' title='bbox 1141 2206 1167 2247; x_wconf 82' lang='lat'><strong>3</strong></span> <span class='ocrx_word' id='word_1_71' title='bbox 1217 2227 1232 2274; x_wconf 87' lang='lat'>:</span> <span class='ocrx_word' id='word_1_72' title='bbox 1288 2202 1712 2299; x_wconf 78' lang='lat' dir='ltr'>nequedum</span> <span class='ocrx_word' id='word_1_73' title='bbox 1764 2203 1949 2273; x_wconf 89' lang='lat' dir='ltr'>mihi</span> <span class='ocrx_word' id='word_1_74' title='bbox 1997 2201 2300 2300; x_wconf 89' lang='lat' dir='ltr'>quidem</span> <span class='ocrx_word' id='word_1_75' title='bbox 2341 2203 2760 2301; x_wconf 87' lang='lat' dir='ltr'>suppeditat</span> <span class='ocrx_word' id='word_1_76' title='bbox 2796 2206 2930 2275; x_wconf 83' lang='lat' dir='ltr'>cur</span> 
     </span>
     <span class='ocr_line' id='line_1_12' title="bbox 471 2326 2930 2426; baseline 0 -28"><span class='ocrx_word' id='word_1_77' title='bbox 471 2352 686 2398; x_wconf 89' lang='lat' dir='ltr'>suum</span> <span class='ocrx_word' id='word_1_78' title='bbox 728 2327 992 2424; x_wconf 89' lang='lat' dir='ltr'>cuique</span> <span class='ocrx_word' id='word_1_79' title='bbox 1042 2326 1291 2401; x_wconf 88' lang='lat' dir='ltr'>locum</span> <span class='ocrx_word' id='word_1_80' title='bbox 1335 2327 1730 2425; x_wconf 86' lang='lat' dir='ltr'>assignem.</span> <span class='ocrx_word' id='word_1_81' title='bbox 1770 2328 1966 2424; x_wconf 90' lang='lat' dir='ltr'>Ergo</span> <span class='ocrx_word' id='word_1_82' title='bbox 2010 2326 2303 2399; x_wconf 89' lang='lat' dir='ltr'>diuersa</span> <span class='ocrx_word' id='word_1_83' title='bbox 2359 2327 2478 2399; x_wconf 91' lang='lat' dir='ltr'>uia</span> <span class='ocrx_word' id='word_1_84' title='bbox 2526 2326 2930 2426; x_wconf 59' lang='lat' dir='ltr'>procedere¹</span> 
     </span>
     <span class='ocr_line' id='line_1_13' title="bbox 470 2451 2930 2550; baseline 0.001 -28"><span class='ocrx_word' id='word_1_85' title='bbox 470 2451 1159 2550; x_wconf 81' lang='lat' dir='ltr'>impraesentiarum</span> <span class='ocrx_word' id='word_1_86' title='bbox 1203 2452 1430 2524; x_wconf 86' lang='lat' dir='ltr'>satius</span> <span class='ocrx_word' id='word_1_87' title='bbox 1457 2462 1589 2523; x_wconf 86' lang='lat' dir='ltr'>est.</span> <span class='ocrx_word' id='word_1_88' title='bbox 1643 2451 1980 2523; x_wconf 85' lang='lat' dir='ltr'>Decretis</span> <span class='ocrx_word' id='word_1_89' title='bbox 2023 2452 2223 2524; x_wconf 90' lang='lat' dir='ltr'>enim</span> <span class='ocrx_word' id='word_1_90' title='bbox 2273 2451 2543 2550; x_wconf 88' lang='lat' dir='ltr'>quibus</span> <span class='ocrx_word' id='word_1_91' title='bbox 2573 2451 2930 2550; x_wconf 86' lang='lat' dir='ltr'>proxenia</span> 
     </span>
     <span class='ocr_line' id='line_1_14' title="bbox 471 2574 2929 2675; baseline -0 -27"><span class='ocrx_word' id='word_1_92' title='bbox 471 2576 843 2675; x_wconf 89' lang='lat' dir='ltr'>ceterique</span> <span class='ocrx_word' id='word_1_93' title='bbox 938 2577 1258 2648; x_wconf 89' lang='lat' dir='ltr'>honores</span> <span class='ocrx_word' id='word_1_94' title='bbox 1374 2577 1694 2648; x_wconf 88' lang='lat' dir='ltr'>externis</span> <span class='ocrx_word' id='word_1_95' title='bbox 1795 2576 2225 2648; x_wconf 91' lang='lat' dir='ltr'>hominibus</span> <span class='ocrx_word' id='word_1_96' title='bbox 2333 2574 2929 2654; x_wconf 78' lang='lat' dir='ltr'>concedebantur</span> 
     </span>
     <span class='ocr_line' id='line_1_15' title="bbox 472 2700 2927 2800; baseline 0.002 -28"><span class='ocrx_word' id='word_1_97' title='bbox 472 2701 860 2773; x_wconf 89' lang='lat' dir='ltr'>archontes</span> <span class='ocrx_word' id='word_1_98' title='bbox 900 2726 1051 2773; x_wconf 95' lang='lat' dir='ltr'>non</span> <span class='ocrx_word' id='word_1_99' title='bbox 1079 2701 1180 2772; x_wconf 89' lang='lat' dir='ltr'>ita</span> <span class='ocrx_word' id='word_1_100' title='bbox 1220 2701 1433 2772; x_wconf 90' lang='lat' dir='ltr'>multi</span> <span class='ocrx_word' id='word_1_101' title='bbox 1462 2701 1962 2790; x_wconf 91' lang='lat' dir='ltr'>innotescunt,</span> <span class='ocrx_word' id='word_1_102' title='bbox 1994 2701 2122 2773; x_wconf 89' lang='lat' dir='ltr'>sed</span> <span class='ocrx_word' id='word_1_103' title='bbox 2152 2726 2453 2800; x_wconf 90' lang='lat' dir='ltr'>perraro</span> <span class='ocrx_word' id='word_1_104' title='bbox 2478 2700 2708 2772; x_wconf 88' lang='lat' dir='ltr'>iidem</span> <span class='ocrx_word' id='word_1_105' title='bbox 2740 2726 2927 2798; x_wconf 81' lang='lat' dir='ltr'>quos</span> 
     </span>
     <span class='ocr_line' id='line_1_16' title="bbox 473 2825 2927 2911; baseline -0 -14"><span class='ocrx_word' id='word_1_106' title='bbox 473 2851 564 2897; x_wconf 85' lang='lat' dir='ltr'>ex</span> <span class='ocrx_word' id='word_1_107' title='bbox 591 2826 1255 2898; x_wconf 88' lang='lat' dir='ltr'>manumissionum</span> <span class='ocrx_word' id='word_1_108' title='bbox 1297 2827 1527 2898; x_wconf 87' lang='lat' dir='ltr'>titulis</span> <span class='ocrx_word' id='word_1_109' title='bbox 1567 2826 1940 2900; x_wconf 81' lang='lat' dir='ltr'>nouimuS.</span> <span class='ocrx_word' id='word_1_110' title='bbox 1978 2825 2485 2911; x_wconf 89' lang='lat' dir='ltr'>Quamobrem</span> <span class='ocrx_word' id='word_1_111' title='bbox 2517 2826 2700 2898; x_wconf 93' lang='lat' dir='ltr'>nihil</span> <span class='ocrx_word' id='word_1_112' title='bbox 2727 2825 2927 2898; x_wconf 92' lang='lat' dir='ltr'>aliud</span> 
     </span>
     <span class='ocr_line' id='line_1_17' title="bbox 456 2950 2927 3056; baseline 0.001 -35"><span class='ocrx_word' id='word_1_113' title='bbox 456 2976 669 3056; x_wconf 23' lang='lat' dir='ltr'>,nunc</span> <span class='ocrx_word' id='word_1_114' title='bbox 687 2977 909 3048; x_wconf 91' lang='lat' dir='ltr'>quam</span> <span class='ocrx_word' id='word_1_115' title='bbox 928 2951 1094 3022; x_wconf 90' lang='lat' dir='ltr'>illos</span> <span class='ocrx_word' id='word_1_116' title='bbox 1121 2950 1364 3048; x_wconf 79' lang='lat' dir='ltr'>qu&#39;oad</span> <span class='ocrx_word' id='word_1_117' title='bbox 1384 2961 1691 3049; x_wconf 89' lang='lat' dir='ltr'>potuero</span> <span class='ocrx_word' id='word_1_118' title='bbox 1720 2951 2125 3023; x_wconf 87' lang='lat' dir='ltr'>secundum</span> <span class='ocrx_word' id='word_1_119' title='bbox 2150 2962 2568 3050; x_wconf 88' lang='lat' dir='ltr'>temporum</span> <span class='ocrx_word' id='word_1_120' title='bbox 2587 2950 2927 3023; x_wconf 89' lang='lat' dir='ltr'>ordinem</span> 
     </span>
     <span class='ocr_line' id='line_1_18' title="bbox 473 3067 2924 3174; baseline -0.002 -23"><span class='ocrx_word' id='word_1_121' title='bbox 473 3074 875 3151; x_wconf 80' lang='lat' dir='ltr'>collocabo,</span> <span class='ocrx_word' id='word_1_122' title='bbox 908 3075 1280 3174; x_wconf 90' lang='lat' dir='ltr'>Deinceps</span> <span class='ocrx_word' id='word_1_123' title='bbox 1318 3067 1379 3146; x_wconf 89' lang='lat' dir='ltr'>si</span> <span class='ocrx_word' id='word_1_124' title='bbox 1406 3076 1572 3173; x_wconf 90' lang='lat' dir='ltr'>quis</span> <span class='ocrx_word' id='word_1_125' title='bbox 1611 3085 2009 3172; x_wconf 91' lang='lat' dir='ltr'>utrumque</span> <span class='ocrx_word' id='word_1_126' title='bbox 2045 3076 2479 3147; x_wconf 92' lang='lat' dir='ltr'>archontum</span> <span class='ocrx_word' id='word_1_127' title='bbox 2512 3074 2924 3173; x_wconf 88' lang='lat' dir='ltr'>catalogum</span> 
     </span>
     <span class='ocr_line' id='line_1_19' title="bbox 470 3199 2926 3298; baseline 0.001 -29"><span class='ocrx_word' id='word_1_128' title='bbox 470 3199 548 3272; x_wconf 93' lang='lat' dir='ltr'>in</span> <span class='ocrx_word' id='word_1_129' title='bbox 586 3226 817 3271; x_wconf 92' lang='lat' dir='ltr'>unum</span> <span class='ocrx_word' id='word_1_130' title='bbox 869 3199 1320 3272; x_wconf 87' lang='lat' dir='ltr'>confundere</span> <span class='ocrx_word' id='word_1_131' title='bbox 1375 3200 1712 3285; x_wconf 89' lang='lat' dir='ltr'>tentabit,</span> <span class='ocrx_word' id='word_1_132' title='bbox 1758 3199 2048 3272; x_wconf 88' lang='lat' dir='ltr'>facilius</span> <span class='ocrx_word' id='word_1_133' title='bbox 2093 3226 2315 3298; x_wconf 88' lang='lat' dir='ltr'>spero</span> <span class='ocrx_word' id='word_1_134' title='bbox 2348 3201 2506 3271; x_wconf 90' lang='lat' dir='ltr'>fore</span> <span class='ocrx_word' id='word_1_135' title='bbox 2551 3209 2631 3270; x_wconf 92' lang='lat' dir='ltr'>ut</span> <span class='ocrx_word' id='word_1_136' title='bbox 2668 3226 2926 3271; x_wconf 89' lang='lat' dir='ltr'>omnes</span> 
     </span>
     <span class='ocr_line' id='line_1_20' title="bbox 468 3323 2924 3423; baseline 0.002 -29"><span class='ocrx_word' id='word_1_137' title='bbox 468 3324 602 3395; x_wconf 88' lang='lat' dir='ltr'>rite</span> <span class='ocrx_word' id='word_1_138' title='bbox 642 3323 1008 3422; x_wconf 82' lang='lat' dir='ltr'>disponat,</span> <span class='ocrx_word' id='word_1_139' title='bbox 1035 3325 1308 3423; x_wconf 88' lang='lat' dir='ltr'>quippe</span> <span class='ocrx_word' id='word_1_140' title='bbox 1336 3350 1653 3422; x_wconf 89' lang='lat' dir='ltr'>quorum</span> <span class='ocrx_word' id='word_1_141' title='bbox 1675 3325 2076 3396; x_wconf 87' lang='lat' dir='ltr'>nonnullos</span> <span class='ocrx_word' id='word_1_142' title='bbox 2106 3325 2280 3396; x_wconf 91' lang='lat' dir='ltr'>satis</span> <span class='ocrx_word' id='word_1_143' title='bbox 2310 3333 2511 3396; x_wconf 85' lang='lat' dir='ltr'>certo</span> <span class='ocrx_word' id='word_1_144' title='bbox 2533 3324 2924 3399; x_wconf 80' lang='lat' dir='ltr'>interuallo</span> 
     </span>
     <span class='ocr_line' id='line_1_21' title="bbox 469 3431 2924 3548; baseline 0.001 -31"><span class='ocrx_word' id='word_1_145' title='bbox 469 3447 854 3520; x_wconf 87' lang='lat' dir='ltr'>distinctos</span> <span class='ocrx_word' id='word_1_146' title='bbox 883 3448 1172 3521; x_wconf 88' lang='lat' dir='ltr'>habeat.</span> <span class='ocrx_word' id='word_1_147' title='bbox 1218 3448 1362 3521; x_wconf 88' lang='lat' dir='ltr'>Sed</span> <span class='ocrx_word' id='word_1_148' title='bbox 1412 3475 1505 3520; x_wconf 92' lang='lat' dir='ltr'>ne</span> <span class='ocrx_word' id='word_1_149' title='bbox 1558 3431 1826 3521; x_wconf 86' lang='lat' dir='ltr'>uanam</span> <span class='ocrx_word' id='word_1_150' title='bbox 1887 3476 2094 3547; x_wconf 91' lang='lat' dir='ltr'>spem</span> <span class='ocrx_word' id='word_1_151' title='bbox 2152 3449 2714 3548; x_wconf 77' lang='lat' dir='ltr'>praecipi&#39;amuS,</span> <span class='ocrx_word' id='word_1_152' title='bbox 2764 3448 2924 3520; x_wconf 88' lang='lat' dir='ltr'>rem</span> 
     </span>
     <span class='ocr_line' id='line_1_22' title="bbox 472 3570 2925 3668; baseline 0 -27"><span class='ocrx_word' id='word_1_153' title='bbox 472 3570 679 3642; x_wconf 90' lang='lat' dir='ltr'>ardui</span> <span class='ocrx_word' id='word_1_154' title='bbox 707 3580 955 3643; x_wconf 86' lang='lat' dir='ltr'>tamen</span> <span class='ocrx_word' id='word_1_155' title='bbox 991 3571 1264 3642; x_wconf 91' lang='lat' dir='ltr'>laboris</span> <span class='ocrx_word' id='word_1_156' title='bbox 1303 3572 1627 3643; x_wconf 90' lang='lat' dir='ltr'>futuram</span> <span class='ocrx_word' id='word_1_157' title='bbox 1669 3598 1826 3646; x_wconf 87' lang='lat' dir='ltr'>esse</span> <span class='ocrx_word' id='word_1_158' title='bbox 1861 3572 2107 3644; x_wconf 85' lang='lat' dir='ltr'>statim</span> <span class='ocrx_word' id='word_1_159' title='bbox 2142 3570 2430 3643; x_wconf 87' lang='lat' dir='ltr'>fatebor</span> <span class='ocrx_word' id='word_1_160' title='bbox 2468 3581 2541 3642; x_wconf 91' lang='lat' dir='ltr'>et</span> <span class='ocrx_word' id='word_1_161' title='bbox 2578 3572 2751 3668; x_wconf 90' lang='lat' dir='ltr'>quia</span> <span class='ocrx_word' id='word_1_162' title='bbox 2780 3570 2925 3642; x_wconf 89' lang='lat' dir='ltr'>fre-</span> 
     </span>
     <span class='ocr_line' id='line_1_23' title="bbox 472 3674 2924 3794; baseline -0.001 -28"><span class='ocrx_word' id='word_1_163' title='bbox 472 3696 820 3793; x_wconf 88' lang='lat' dir='ltr'>quentius</span> <span class='ocrx_word' id='word_1_164' title='bbox 882 3695 1140 3767; x_wconf 92' lang='lat' dir='ltr'>eadem</span> <span class='ocrx_word' id='word_1_165' title='bbox 1194 3674 1497 3767; x_wconf 87' lang='lat' dir='ltr'>nomina</span> <span class='ocrx_word' id='word_1_166' title='bbox 1560 3696 1871 3767; x_wconf 91' lang='lat' dir='ltr'>redeunt</span> <span class='ocrx_word' id='word_1_167' title='bbox 1928 3707 2000 3768; x_wconf 91' lang='lat' dir='ltr'>et</span> <span class='ocrx_word' id='word_1_168' title='bbox 2065 3707 2365 3794; x_wconf 88' lang='lat' dir='ltr'>propter</span> <span class='ocrx_word' id='word_1_169' title='bbox 2424 3697 2691 3767; x_wconf 86' lang='lat' dir='ltr'>multas</span> <span class='ocrx_word' id='word_1_170' title='bbox 2747 3694 2924 3766; x_wconf 89' lang='lat' dir='ltr'>alias</span> 
     </span>
     <span class='ocr_line' id='line_1_24' title="bbox 473 3819 2921 3918; baseline 0 -28"><span class='ocrx_word' id='word_1_171' title='bbox 473 3837 752 3898; x_wconf 79' lang='lat' dir='ltr'>causaS.</span> <span class='ocrx_word' id='word_1_172' title='bbox 801 3819 994 3903; x_wconf 88' lang='lat' dir='ltr'>Quid</span> <span class='ocrx_word' id='word_1_173' title='bbox 1038 3820 1238 3891; x_wconf 91' lang='lat' dir='ltr'>enim</span> <span class='ocrx_word' id='word_1_174' title='bbox 1292 3820 1738 3918; x_wconf 89' lang='lat' dir='ltr'>sperandum</span> <span class='ocrx_word' id='word_1_175' title='bbox 1785 3822 1903 3909; x_wconf 89' lang='lat' dir='ltr'>sit,</span> <span class='ocrx_word' id='word_1_176' title='bbox 1954 3820 2132 3917; x_wconf 92' lang='lat' dir='ltr'>quid</span> <span class='ocrx_word' id='word_1_177' title='bbox 2180 3820 2592 3892; x_wconf 85' lang='lat' dir='ltr'>timendum</span> <span class='ocrx_word' id='word_1_178' title='bbox 2628 3845 2921 3917; x_wconf 91' lang='lat' dir='ltr'>quoque</span> 
     </span>
     <span class='ocr_line' id='line_1_25' title="bbox 473 3943 2923 4044; baseline 0.001 -29"><span class='ocrx_word' id='word_1_179' title='bbox 473 3945 861 4017; x_wconf 82' lang='lat' dir='ltr'>ostendere</span> <span class='ocrx_word' id='word_1_180' title='bbox 912 3948 1252 4044; x_wconf 87' lang='lat' dir='ltr'>exemplo</span> <span class='ocrx_word' id='word_1_181' title='bbox 1307 3959 1456 4016; x_wconf 89' lang='lat' dir='ltr'>uno</span> <span class='ocrx_word' id='word_1_182' title='bbox 1510 3954 1636 4016; x_wconf 90' lang='lat' dir='ltr'>aut</span> <span class='ocrx_word' id='word_1_183' title='bbox 1665 3945 1904 4037; x_wconf 14' lang='lat' dir='ltr'>&#39;altero</span> <span class='ocrx_word' id='word_1_184' title='bbox 1953 3946 2192 4035; x_wconf 84' lang='lat' dir='ltr'>liceat,</span> <span class='ocrx_word' id='word_1_185' title='bbox 2238 3955 2318 4016; x_wconf 82' lang='lat' dir='ltr'>ut</span> <span class='ocrx_word' id='word_1_186' title='bbox 2356 3945 2416 4016; x_wconf 88' lang='lat' dir='ltr'>si</span> <span class='ocrx_word' id='word_1_187' title='bbox 2461 3943 2640 4042; x_wconf 91' lang='lat' dir='ltr'>quid</span> <span class='ocrx_word' id='word_1_188' title='bbox 2671 3955 2923 4043; x_wconf 81' lang='lat' dir='ltr'>postea</span> 
     </span>
     <span class='ocr_line' id='line_1_26' title="bbox 475 4061 1670 4159; baseline 0.002 -28"><span class='ocrx_word' id='word_1_189' title='bbox 475 4062 877 4132; x_wconf 89' lang='lat' dir='ltr'>errauerim</span> <span class='ocrx_word' id='word_1_190' title='bbox 910 4061 1206 4131; x_wconf 90' lang='lat' dir='ltr'>ueniam</span> <span class='ocrx_word' id='word_1_191' title='bbox 1247 4061 1670 4159; x_wconf 90' lang='lat' dir='ltr'>anticipem.</span> 
     </span>
    </p>
   </div>
   <div class='ocr_carea' id='block_1_5' title="bbox 541 4251 1382 4499">
    <p class='ocr_par' dir='ltr' id='par_1_5' title="bbox 541 4251 1382 4499">
     <span class='ocr_line' id='line_1_27' title="bbox 552 4251 1382 4321; baseline 0.005 -18"><span class='ocrx_word' id='word_1_192' title='bbox 552 4253 600 4306; x_wconf 74' lang='lat'>1:</span> <span class='ocrx_word' id='word_1_193' title='bbox 647 4252 710 4305; x_wconf 92' lang='lat' dir='ltr'>E.</span> <span class='ocrx_word' id='word_1_194' title='bbox 745 4270 797 4305; x_wconf 80' lang='lat' dir='ltr'>c,</span> <span class='ocrx_word' id='word_1_195' title='bbox 826 4252 1023 4321; x_wconf 88' lang='lat' dir='ltr'>Eurip.</span> <span class='ocrx_word' id='word_1_196' title='bbox 1054 4251 1175 4305; x_wconf 87' lang='lat' dir='ltr'>Ion.</span> <span class='ocrx_word' id='word_1_197' title='bbox 1205 4271 1261 4307; x_wconf 91' lang='lat' dir='ltr'>u.</span> <span class='ocrx_word' id='word_1_198' title='bbox 1295 4253 1382 4307; x_wconf 77' lang='lat'>42.</span> 
     </span>
     <span class='ocr_line' id='line_1_28' title="bbox 541 4340 904 4407; baseline 0.006 -14"><span class='ocrx_word' id='word_1_199' title='bbox 541 4343 592 4395; x_wconf 77' lang='lat'>2.</span> <span class='ocrx_word' id='word_1_200' title='bbox 634 4340 788 4407; x_wconf 90' lang='lat' dir='ltr'>VIII,</span> <span class='ocrx_word' id='word_1_201' title='bbox 817 4342 904 4395; x_wconf 85' lang='lat'>36.</span> 
     </span>
     <span class='ocr_line' id='line_1_29' title="bbox 549 4429 1229 4499; baseline 0 -15"><span class='ocrx_word' id='word_1_202' title='bbox 549 4432 599 4484; x_wconf 88' lang='lat'>3.</span> <span class='ocrx_word' id='word_1_203' title='bbox 650 4430 804 4484; x_wconf 86' lang='lat' dir='ltr'>BCH</span> <span class='ocrx_word' id='word_1_204' title='bbox 836 4429 990 4482; x_wconf 87' lang='lat' dir='ltr'>XXII</span> <span class='ocrx_word' id='word_1_205' title='bbox 1019 4447 1075 4499; x_wconf 92' lang='lat' dir='ltr'>p.</span> <span class='ocrx_word' id='word_1_206' title='bbox 1111 4432 1229 4485; x_wconf 79' lang='lat'>155.</span> 
     </span>
    </p>
   </div>
  </div>
 </body>
</html>
