3692 5643
783 649 869 721 12
1802 657 2198 722 PRAEFATIO

876 825 1137 899 Altero
1192 837 1465 916 autem,
1524 826 1612 898 de
1667 828 2115 899 commercio
2175 829 2568 926 praecipue
2608 827 2987 926 epistulari
3026 824 3226 924 quod
3298 832 3304 837 ’

782 952 994 1034 inter
1035 952 1542 1024 Romanorum
1621 951 2108 1049 imperatores
2175 963 2245 1024 et
2317 952 2778 1050 Delphorum
2850 947 3225 1026 ciuitatem

781 1068 1096 1141 extitit1.

848 1329 897 1382 1.
939 1327 1069 1379 Non
1092 1343 1331 1397 possum
1363 1343 1570 1380 omnes
1594 1327 1900 1381 doctorum
1930 1327 2188 1381 uirorum
2209 1326 2973 1398 libroscommentariosque
2989 1312 3225 1380 laudare

775 1416 1025 1487 quiante
1043 1416 1336 1469 fossiones
1355 1433 1404 1470 a.
1436 1417 1572 1469 1892
1597 1398 1902 1487 incoeptas
1932 1416 2005 1469 de
2026 1417 2203 1470 rebus
2221 1400 2517 1487 Delphicis
2535 1416 2826 1470 Romanae
2846 1416 3060 1469 aetatis·
3074 1421 3228 1471 trac-

780 1510 1069 1560 tauerunt.
1099 1504 1325 1568 Quibus
1355 1505 1631 1558 omnibus
1662 1511 1725 1559 ut
1756 1505 1977 1576 aliquid
2017 1505 2304 1559 adiectum
2354 1511 2463 1572 est,
2507 1505 2585 1558 ita
2630 1505 2775 1561 nihil
2805 1510 2903 1558 aut
2938 1505 3062 1558 fere
3082 1504 3227 1557 nihil
3294 1534 3298 1538 ·

774 1593 1124 1648 detractum.
1152 1592 1265 1647 Sed
1289 1592 1361 1646 de
1391 1593 1760 1647 documentis
1778 1610 1927 1664 quae
1958 1594 2104 1647 hoce
2123 1594 2181 1646 in
2207 1593 2408 1647 libello
2429 1593 2593 1664 leges
2615 1594 2962 1665 paucissima
2978 1593 3227 1664 praefari

775 1699 1019 1735 necesse
1036 1688 1147 1735 est.
1169 1681 1302 1752 Ipse
1325 1700 1376 1735 a.
1400 1683 1536 1735 1895
1558 1682 1630 1735 ad
1662 1683 2034 1736 Academiam
2050 1668 2504 1754 Inscri'ptionum
2516 1687 2575 1736 et
2597 1682 3020 1736 Humaniorum
3039 1682 3226 1735 Litte-

777 1788 969 1824 rarum
1005 1770 1468 1824 lucubrationem
1505 1771 1635 1823 misi
1692 1771 2073 1843 syllogenque
2106 1771 2406 1825 titulorum
2438 1771 2645 1825 aetatis
2680 1771 3088 1843 imperatoriae
3127 1771 3224 1839 (cf.

777 1859 1039 1928 Comptes
1059 1859 1291 1917 Bendas
1305 1860 1403 1914 Ac.
1431 1859 1558 1912 IBL
1588 1861 1744 1914 1896.
1763 1877 1860 1931 pp.
1877 1859 2070 1931 86-89)
2088 1876 2101 1914 ι
2118 1861 2285 1913 cuius
2297 1865 2520 1931 partem
2534 1865 2762 1913 auctam
2774 1865 2833 1913 et
2849 1877 3003 1913 nouo
3023 1859 3227 1913 ordine

776 1948 1122 2018 dispositam
1152 1948 1248 2002 hic
1279 1949 1551 2019 praebe0.
1572 1948 1794 2002 Deinde
1808 1949 1914 2002 Th.
1933 1948 2377 2017 Homolle‚dum
2403 1949 2707 2002 historiam
2722 1948 3227 2020 templiApollinis

777 2037 1169 2108 persequitur,
1195 2036 1348 2090 idem
1377 2038 1740 2108 propositum
1773 2037 1966 2109 attigit
1996 2038 2447 2108 compluresque
2478 2037 2890 2108 inscriptiones
2929 2053 3228 2090 commen-

777 2126 924 2179 tario
959 2126 1146 2179 bonae
1171 2125 1472 2193 doctrinae
1502 2126 1678 2197 pleno
1707 2127 1940 2180 ornauit
1971 2126 2128 2182 Ball.
2172 2127 2244 2179 de
2287 2127 2455 2180 corr.
2488 2126 2623 2180 hell.
2671 2126 2770 2178 XX
2806 2143 2902 2198 pp.
2945 2127 3223 2191 707-732;

776 2231 1018 2284 quarum
1047 2232 1221 2267 unam
1252 2220 1353 2267 aut
1382 2214 1624 2268 alteram
1654 2215 2033 2286 repetendam
2055 2232 2189 2269 esse
2211 2216 2527 2268 arbitratus
2555 2233 2704 2269 sum.
2732 2216 2809 2268 Ea
2835 2221 3029 2269 autem
3054 2216 3229 2269 docu-

777 2308 971 2357 menta
1021 2304 1280 2357 nondum
1322 2304 1378 2356 in
1418 2303 1612 2357 lucem
1657 2304 1881 2376 prolata
1926 2321 2074 2375 quae
2121 2306 2374 2376 primum
2418 2305 2513 2358 hic
2543 2303 2710 2376 leges
2740 2312 2873 2357 mox
2905 2305 3229 2358 Annalibus

776 2392 1032 2446 Gallicae
1073 2410 1221 2463 quae
1262 2398 1355 2446 est
1403 2393 1652 2446 Athenis
1696 2393 1933 2447 scholae
1967 2393 2165 2466 (ΒΘΗ)
2217 2395 2437 2447 inserta
2477 2394 2763 2463 inuenieS‚
2820 2411 2929 2448 nec
2978 2395 3228 2448 seorsim

777 2482 966 2554 posita
996 2482 1100 2536 sed
1127 2482 1450 2535 secundum
1469 2483 1750 2553 temporis
1775 2483 2041 2537 ordinem
2070 2483 2373 2550 collocata,
2406 2500 2514 2537 nec
2544 2483 2789 2537 disiecta
2816 2484 2919 2537 sed
2947 2490 3228 2555 quantum

777 2579 1023 2642 potuero
1053 2576 1388 2642 aggregata.
1422 2572 1534 2624 Alii
1560 2589 1792 2642 quoque
1823 2573 1978 2626 tituli
2008 2573 2299 2625 adiciendi
2330 2578 2466 2626 sunt
2493 2574 2756 2642 multi‚et
2784 2573 3056 2626 omnibus
3081 2574 3233 2627 iusta

776 2661 1041 2713 lemmata
1071 2660 1620 2732 superimponenda.
1658 2661 1764 2714 Hic
1791 2662 1929 2715 enin
1962 2667 2188 2715 tantum
2217 2679 2322 2733 pro
2350 2663 2692 2716 testimonio
2727 2679 2947 2735 quaeso
2973 2662 3226 2729 ualeant,

773 2748 894 2802 illic
924 2766 1064 2802 uero
1094 2749 1359 2820 digniora
1378 2755 1546 2803 erunt
1576 2768 1722 2823 quae
1743 2751 1964 2823 publici
1988 2751 2132 2804 iuris
2158 2751 2319 2806 fiant.
2512 2764 2516 2765 ’
3242 2738 3246 2744 ’
