3692 5643
827 688 920 758 50
1477 709 1565 754 DE
1618 708 1719 754 AM
1730 709 2177 756 r111c'r50NvM
2230 711 2637 759 EPiMELE‘ns

823 872 1098 943 oblitus
1151 898 1323 944 sane
1388 871 1587 941 illius
1646 871 2044 942 Callistrati
2110 871 2409 943 Leontis
2474 873 2524 945 f.
2603 872 2898 970 Delphi,
2950 883 3297 970 σοφιστοῦ

823 996 1264 1093 cognomine
1320 993 1511 1093 apud
1569 997 1916 1092 aequales
1969 996 2328 1092 insigniti,
2387 1022 2607 1093 quem
2678 996 3120 1081 Plutarchus
3171 993 3304 1065 his

823 1128 1074 1202 uerbis
1122 1132 1537 1201 memorat¹
1600 1153 1614 1199 ε
1671 1136 1737 1200 ἐν
1774 1120 2060 1212 Πυθίοις
2106 1121 2654 1227 Καλλίστρατος
2672 1135 2811 1202 τῶν
2851 1121 3303 1227 Ἀμφικτυό-

744 1267 753 1279 ’
821 1279 957 1327 νων
1000 1253 1094 1325 ὢν
1146 1250 1607 1351 ἐπιμελητής.
1631 1253 1915 1326 Eodem
1945 1253 2374 1352 magistratu
2400 1254 2725 1327 decorati
2753 1264 2922 1326 sunt
2939 1263 3302 1351 quattuor

824 1377 1299 1476 autquinque
1332 1378 1704 1478 Hypataei
1736 1390 1806 1449 et
1845 1378 2284 1450 Tithoraeus
2318 1379 2684 1462 SoclaruS‚
2717 1378 2987 1477 quibus
3027 1377 3299 1449 adiun-

736 1592 741 1597 ἡ
825 1504 1103 1601 gendos
1143 1529 1301 1575 esse
1344 1504 1677 1601 Delphos
1708 1504 2109 1574 nonnullos
2150 1514 2441 1601 praeter
2479 1502 2976 1576 Callistratum
3019 1501 3296 1573 uerisi-

825 1629 1025 1715 mile,
1056 1628 1652 1700 Chaeronensem
1688 1654 1863 1698 uero
1898 1628 2376 1700 Plutarchum
2410 1628 2900 1700 certissimum
2943 1637 3079 1699 est.

918 1753 1231 1824 Minime
1272 1752 1603 1850 profecto
1644 1751 2091 1851 Nicopoleos
2117 1752 2413 1824 laudem
2444 1754 2778 1823 minuere
2812 1754 3011 1839 u010‚
3057 1778 3286 1849 quam

825 1903 1040 1976 spero
1093 1888 1349 1949 contra
1397 1877 1890 1948 illustraturos
1949 1894 2104 1948 esse
2156 1905 2349 1950 noua
2414 1879 2627 1987 plane
2684 1879 2846 1949 luce
2899 1876 3292 1974 delphicos

823 2002 1074 2074 titulos
1105 2002 1178 2072 in
1214 2028 1480 2100 corpus
1507 2002 1835 2073 collatos.
1870 2002 2014 2074 Sed
2048 2013 2331 2073 tantum
2364 2002 2567 2074 abest
2602 2013 2682 2073 ut
2720 2028 2976 2073 omnes
3003 2002 3292 2098 epime-

826 2127 1013 2197 letae
1072 2153 1163 2197 ex
1214 2126 1340 2197 illa
1395 2124 1575 2196 urbe
1644 2126 2007 2222 originem
2067 2126 2438 2206 duxerint,
2502 2137 2894 2211 uteorum
2951 2125 3077 2222 qui
3128 2152 3287 2195 non

825 2251 1136 2349 Delphis
1162 2250 1315 2321 nati
1352 2260 1559 2321 erant
1589 2277 1810 2348 quam
1852 2230 2212 2349 plurimos
2251 2250 2590 2348 delphica
2629 2251 2922 2322 ciuitate
2963 2250 3294 2321 donatos

825 2402 982 2447 esse
1036 2375 1419 2473 probabile
1488 2375 1670 2446 mihi
1739 2375 2099 2448 uideatur.
2159 2374 2393 2447 Cuius
2424 2375 2530 2447 rei
2565 2376 2901 2474 exempla
2933 2386 3293 2472 quattuor

825 2526 1022 2571 nunc
1053 2501 1396 2571 referam.
1444 2499 1741 2571 Decreti
1783 2500 1983 2570 enim
2015 2502 2509 2601 fragmentum
2554 2511 2751 2572 extat
2784 2527 2859 2572 n.
2902 2501 3093 2571 2783
3135 2526 3290 2596 quo

822 2624 1177 2696 Theocles
1217 2624 1690 2695 Philocaesar
1720 2623 2280 2723 Nicopolitanus
2310 2624 2649 2696 laudatur
2696 2651 2710 2698 :
2758 2625 2863 2696 ibi
2901 2625 2989 2696 de
3033 2624 3291 2696 uerbis

825 2748 1059 2830 δοῦναι
1087 2761 1279 2852 αὐτῷ
1310 2750 1761 2855 πο[λειτείαν]
1809 2757 2317 2830 controuersia
2360 2757 2519 2830 fieri
2572 2747 2723 2831 1ion
2764 2768 3030 2857 potest.
3089 2758 3289 2829 Dein

822 2884 964 2953 hoc
996 2881 1194 2979 quod
1233 2882 1309 2952 in
1337 2881 1496 2953 basi
1536 2893 1813 2955 statuae
1856 2885 1882 2927 2
1922 2883 2371 2982 insculptum
2406 2894 2561 2955 erat
2599 2885 2810 2981 quasi
2850 2883 3289 2955 luculentis-

824 3007 1095 3078 simum
1123 3007 1342 3077 simul
1380 3033 1463 3078 ac
1499 3006 2019 3079 breuissimum
2049 3007 2572 3080 documentum
2612 3019 3071 3106 proponatur
3114 3031 3129 3078 ε

1639 3186 1872 3273 Ἀγαθὴ
1916 3188 2117 3273 Τύχη.

1028 3299 1288 3368 Ἰουλίαν
1319 3303 1619 3389 Χρυσέαν,
1666 3301 1922 3370 ’Ῑουλίου
1984 3302 1993 3391 Ι
2051 3306 2350 3370 Σελεύκου
2388 3312 2705 3390 θυγατέρα,

1003 3434 1254 3502 γυναῖκα
1285 3418 1421 3484 Τιὸ.
1454 3419 1758 3485 Κλαυδίου
1816 3418 1824 3506 Ι
1883 3420 2123 3485 Κέλσου
2159 3419 2564 3485 Νικοπολίτου

999 3538 1094 3599 καὶ
1131 3534 1365 3620 Δελφοῦ
1395 3539 1782 3618 ἐπιμείλητοῦ
1822 3545 1858 3617 ἡ
1896 3540 2069 3613 πόλις
2110 3546 2145 3617 ἡ
2185 3536 2345 3628 Δελ-

999 3659 1116 3734 φῶν
1145 3651 1360 3736 ἀρετῆς
1390 3656 1564 3716 ἕνεκα
1619 3648 1628 3737 Ι
1688 3653 1895 3735 Πυθίῳ
1937 3649 2304 3716 Ἀπόλλωνι.
2443 3630 2451 3638 ¹

919 3813 1178 3887 Celsus
1218 3817 1404 3889 sicut
1445 3818 1799 3888 Theocles
1840 3818 2404 3915 Nicopolitanus
2441 3789 2615 3890 erat.
2657 3819 2766 3889 De
2793 3818 3033 3915 patria
3074 3819 3284 3890 tertii

824 3964 1083 4010 eorum
1124 3966 1309 4038 quos
1339 3941 1561 4012 modo
1603 3941 1753 4012 dixi
1795 3952 2141 4038 quattuor
2172 3942 2730 4040 epimeletarum
2770 3942 2875 4012 nil
2914 3942 3287 4014 affirmare

894 4145 945 4197 1.
990 4144 1221 4206 Quaest.
1252 4146 1482 4198 οοηιιίιι.
1533 4145 1658 4212 VII,
1703 4148 1752 4212 5,
1793 4149 1841 4212 1,
1877 4163 1934 4215 p.
1969 4148 2073 4197 704
2099 4147 2144 4197 D
2167 4163 2180 4212 3
2207 4147 2278 4199 cf.
2315 4146 2458 4199 ibid.
2509 4145 2604 4211 IV,
2635 4148 2685 4213 4,
2717 4149 2766 4213 1,
2793 4165 2849 4217 p.
2874 4148 2978 4199 667
3003 4147 3077 4213 D;
3107 4152 3289 4217 atque

821 4234 995 4285 etiam
1027 4234 1095 4285 de
1131 4234 1248 4303 def.
1298 4252 1451 4285 orac.
1487 4236 1517 4285 2
1553 4252 1608 4304 p.
1649 4236 1753 4286 410
1785 4237 1833 4286 A
1872 4252 1884 4288 :
1927 4228 2093 4305 ὀλίγον
2143 4234 2239 4305 πρὸ
2280 4235 2485 4289 Πυθίων
2526 4245 2625 4287 τῶν
2663 4234 2740 4287 ἐπὶ
2775 4234 3171 4306 Καλλιστράτου
3212 4236 3288 4289 de

822 4321 1100 4374 archonte
1132 4323 1399 4393 intellegi
1439 4341 1554 4374 non
1604 4329 1819 4392 potest,
1876 4325 2031 4393 quod
2085 4325 2125 4377 Ι.
2185 4342 2416 4394 quoquc
2467 4326 2728 4376 Pomtow
2770 4323 3006 4376 tandem
3055 4325 3287 4377 uidisse

823 4409 1034 4463 Philol.
1068 4411 1190 4462 LIV
1215 4428 1270 4480 p.
1307 4413 1403 4464 597
1441 4412 1571 4466 adn.
1610 4413 1673 4463 16
1705 4429 2065 4483 magnopere
2098 4413 2346 4483 gaudeo,

893 4501 944 4552 2.
988 4499 1056 4553 Ν.
1084 4500 1242 4552 2429.
1273 4501 1596 4572 Exscripsit
1621 4501 1688 4555 G.
1718 4502 1906 4555 Colin.
