<?xml version="1.0" encoding="UTF-8"?>
<!DOCTYPE html PUBLIC "-//W3C//DTD XHTML 1.0 Transitional//EN"
    "http://www.w3.org/TR/xhtml1/DTD/xhtml1-transitional.dtd">
<html xmlns="http://www.w3.org/1999/xhtml" xml:lang="en" lang="en">
 <head>
  <title>
</title>
<meta http-equiv="Content-Type" content="text/html;charset=utf-8" />
  <meta name='ocr-system' content='tesseract 3.04.00' />
  <meta name='ocr-capabilities' content='ocr_page ocr_carea ocr_par ocr_line ocrx_word'/>
</head>
<body>
  <div class='ocr_page' id='page_1' title='image "./derebusdelphici01bourgoog_0106.png"; bbox 0 0 3692 5643; ppageno 0'>
   <div class='ocr_carea' id='block_1_1' title="bbox 687 676 2499 761">
    <p class='ocr_par' dir='ltr' id='par_1_1' title="bbox 687 676 2499 761">
     <span class='ocr_line' id='line_1_1' title="bbox 687 676 2499 761; baseline -0.002 -1"><span class='ocrx_word' id='word_1_1' title='bbox 687 676 690 679; x_wconf 21' lang='lat'>¹</span> <span class='ocrx_word' id='word_1_2' title='bbox 735 691 828 761; x_wconf 79' lang='lat'>88</span> <span class='ocrx_word' id='word_1_3' title='bbox 1439 714 1526 759; x_wconf 78' lang='lat' dir='ltr'>m:</span> <span class='ocrx_word' id='word_1_4' title='bbox 1580 711 2091 759; x_wconf 75' lang='lat' dir='ltr'>IMPERATORVM</span> <span class='ocrx_word' id='word_1_5' title='bbox 2144 711 2499 757; x_wconf 76' lang='lat' dir='ltr'>Ems‘rvms</span> 
     </span>
    </p>
   </div>
   <div class='ocr_carea' id='block_1_2' title="bbox 733 864 3191 1089">
    <p class='ocr_par' dir='ltr' id='par_1_2' title="bbox 733 864 3191 1089">
     <span class='ocr_line' id='line_1_2' title="bbox 733 864 3188 966; baseline -0 -28"><span class='ocrx_word' id='word_1_6' title='bbox 733 866 1087 966; x_wconf 79' lang='lat' dir='ltr'>epistulae</span> <span class='ocrx_word' id='word_1_7' title='bbox 1125 866 1348 938; x_wconf 87' lang='lat' dir='ltr'>fuisse</span> <span class='ocrx_word' id='word_1_8' title='bbox 1388 865 1677 938; x_wconf 92' lang='lat' dir='ltr'>conicio</span> <span class='ocrx_word' id='word_1_9' title='bbox 1727 890 1741 937; x_wconf 91' lang='lat'><strong>:</strong></span> <span class='ocrx_word' id='word_1_10' title='bbox 1792 864 1919 937; x_wconf 93' lang='lat' dir='ltr'>sed</span> <span class='ocrx_word' id='word_1_11' title='bbox 1964 891 2097 935; x_wconf 89' lang='lat' dir='ltr'>suo</span> <span class='ocrx_word' id='word_1_12' title='bbox 2145 865 2581 936; x_wconf 89' lang='lat' dir='ltr'>alterutrum</span> <span class='ocrx_word' id='word_1_13' title='bbox 2621 865 2783 936; x_wconf 94' lang='lat' dir='ltr'>loco</span> <span class='ocrx_word' id='word_1_14' title='bbox 2832 891 3188 964; x_wconf 82' lang='lat' dir='ltr'>reponere</span> 
     </span>
     <span class='ocr_line' id='line_1_3' title="bbox 734 987 3191 1089; baseline -0.001 -26"><span class='ocrx_word' id='word_1_15' title='bbox 734 990 1065 1064; x_wconf 92' lang='lat' dir='ltr'>nondum</span> <span class='ocrx_word' id='word_1_16' title='bbox 1134 991 1342 1089; x_wconf 84' lang='lat' dir='ltr'>potui</span> <span class='ocrx_word' id='word_1_17' title='bbox 1407 1000 1477 1062; x_wconf 90' lang='lat' dir='ltr'>et</span> <span class='ocrx_word' id='word_1_18' title='bbox 1534 1017 1667 1088; x_wconf 89' lang='lat' dir='ltr'>per</span> <span class='ocrx_word' id='word_1_19' title='bbox 1728 1017 1803 1062; x_wconf 94' lang='lat' dir='ltr'>se</span> <span class='ocrx_word' id='word_1_20' title='bbox 1884 989 2070 1088; x_wconf 85' lang='lat' dir='ltr'>ipsa,</span> <span class='ocrx_word' id='word_1_21' title='bbox 2131 998 2420 1087; x_wconf 89' lang='lat' dir='ltr'>praeter</span> <span class='ocrx_word' id='word_1_22' title='bbox 2486 987 2711 1060; x_wconf 90' lang='lat' dir='ltr'>uerba</span> <span class='ocrx_word' id='word_1_23' title='bbox 2782 990 2956 1061; x_wconf 89' lang='lat' dir='ltr'>satis</span> <span class='ocrx_word' id='word_1_24' title='bbox 3020 989 3191 1061; x_wconf 85' lang='lat' dir='ltr'>trita</span> 
     </span>
    </p>
   </div>
   <div class='ocr_carea' id='block_1_3' title="bbox 734 1119 3191 1595">
    <p class='ocr_par' dir='ltr' id='par_1_3' title="bbox 734 1119 2379 1223">
     <span class='ocr_line' id='line_1_4' title="bbox 734 1119 2379 1223; baseline -0.002 -27"><span class='ocrx_word' id='word_1_25' title='bbox 734 1124 1136 1199; x_wconf 84' lang='grc' dir='ltr'><strong>ἀθανατο...</strong></span> <span class='ocrx_word' id='word_1_26' title='bbox 1177 1134 1249 1196; x_wconf 93' lang='lat' dir='ltr'>et</span> <span class='ocrx_word' id='word_1_27' title='bbox 1280 1119 1743 1223; x_wconf 79' lang='grc' dir='ltr'>πρεσβευτήν,</span> <span class='ocrx_word' id='word_1_28' title='bbox 1791 1123 1972 1194; x_wconf 87' lang='lat' dir='ltr'>nihil</span> <span class='ocrx_word' id='word_1_29' title='bbox 2016 1122 2379 1194; x_wconf 89' lang='lat' dir='ltr'>adferunt.</span> 
     </span>
    </p>

    <p class='ocr_par' dir='ltr' id='par_1_4' title="bbox 734 1247 3191 1595">
     <span class='ocr_line' id='line_1_5' title="bbox 833 1247 3189 1349; baseline -0.001 -28"><span class='ocrx_word' id='word_1_30' title='bbox 833 1249 970 1321; x_wconf 90' lang='lat' dir='ltr'>His</span> <span class='ocrx_word' id='word_1_31' title='bbox 998 1249 1259 1349; x_wconf 89' lang='lat' dir='ltr'>primis</span> <span class='ocrx_word' id='word_1_32' title='bbox 1294 1248 1633 1320; x_wconf 89' lang='lat' dir='ltr'>uersibus</span> <span class='ocrx_word' id='word_1_33' title='bbox 1661 1247 2085 1346; x_wconf 83' lang='lat' dir='ltr'>planissime</span> <span class='ocrx_word' id='word_1_34' title='bbox 2113 1247 2439 1319; x_wconf 89' lang='lat' dir='ltr'>cernitur</span> <span class='ocrx_word' id='word_1_35' title='bbox 2464 1258 2736 1345; x_wconf 84' lang='lat' dir='ltr'>quanta</span> <span class='ocrx_word' id='word_1_36' title='bbox 2771 1247 3189 1321; x_wconf 83' lang='lat' dir='ltr'>adulatione</span> 
     </span>
     <span class='ocr_line' id='line_1_6' title="bbox 737 1371 3189 1472; baseline -0 -27"><span class='ocrx_word' id='word_1_37' title='bbox 737 1373 1195 1445; x_wconf 85' lang='lat' dir='ltr'>Hadrianum</span> <span class='ocrx_word' id='word_1_38' title='bbox 1219 1372 1492 1472; x_wconf 91' lang='lat' dir='ltr'>Delphi</span> <span class='ocrx_word' id='word_1_39' title='bbox 1518 1371 2012 1471; x_wconf 79' lang='lat' dir='ltr'>adloquantur</span> <span class='ocrx_word' id='word_1_40' title='bbox 2047 1396 2061 1446; x_wconf 92' lang='lat'><strong>:</strong></span> <span class='ocrx_word' id='word_1_41' title='bbox 2100 1371 2258 1443; x_wconf 89' lang='lat' dir='ltr'>eius</span> <span class='ocrx_word' id='word_1_42' title='bbox 2292 1372 2490 1443; x_wconf 88' lang='lat' dir='ltr'>enim</span> <span class='ocrx_word' id='word_1_43' title='bbox 2520 1372 2983 1445; x_wconf 84' lang='lat' dir='ltr'>diuinitatem</span> <span class='ocrx_word' id='word_1_44' title='bbox 3021 1373 3189 1445; x_wconf 91' lang='lat' dir='ltr'>inde</span> 
     </span>
     <span class='ocr_line' id='line_1_7' title="bbox 734 1496 3191 1595; baseline -0 -25"><span class='ocrx_word' id='word_1_45' title='bbox 734 1498 824 1570; x_wconf 92' lang='lat' dir='ltr'>ab</span> <span class='ocrx_word' id='word_1_46' title='bbox 887 1496 1189 1570; x_wconf 86' lang='lat' dir='ltr'>exordio</span> <span class='ocrx_word' id='word_1_47' title='bbox 1229 1498 1580 1570; x_wconf 84' lang='lat' dir='ltr'>inuocant</span> <span class='ocrx_word' id='word_1_48' title='bbox 1628 1507 2067 1595; x_wconf 87' lang='lat' dir='ltr'>gratumque</span> <span class='ocrx_word' id='word_1_49' title='bbox 2127 1497 2455 1568; x_wconf 89' lang='lat' dir='ltr'>animum</span> <span class='ocrx_word' id='word_1_50' title='bbox 2525 1497 2905 1594; x_wconf 86' lang='lat' dir='ltr'>religionis</span> <span class='ocrx_word' id='word_1_51' title='bbox 2950 1498 3191 1569; x_wconf 90' lang='lat' dir='ltr'>adfec-</span> 
     </span>
    </p>
   </div>
   <div class='ocr_carea' id='block_1_4' title="bbox 735 1622 3186 1730">
    <p class='ocr_par' dir='ltr' id='par_1_5' title="bbox 735 1622 3186 1730">
     <span class='ocr_line' id='line_1_8' title="bbox 735 1622 3186 1730; baseline 0 -28"><span class='ocrx_word' id='word_1_52' title='bbox 735 1631 1005 1704; x_wconf 84' lang='lat' dir='ltr'>tatione</span> <span class='ocrx_word' id='word_1_53' title='bbox 1042 1630 1456 1730; x_wconf 87' lang='lat' dir='ltr'>inquinant.</span> <span class='ocrx_word' id='word_1_54' title='bbox 1487 1631 1833 1703; x_wconf 84' lang='lat' dir='ltr'>Libenter</span> <span class='ocrx_word' id='word_1_55' title='bbox 1862 1630 2089 1729; x_wconf 89' lang='lat' dir='ltr'>igitur</span> <span class='ocrx_word' id='word_1_56' title='bbox 2113 1629 2575 1702; x_wconf 83' lang='lat' dir='ltr'>restituerem</span> <span class='ocrx_word' id='word_1_57' title='bbox 2610 1658 2682 1702; x_wconf 91' lang='lat' dir='ltr'>u.</span> <span class='ocrx_word' id='word_1_58' title='bbox 2711 1622 3186 1728; x_wconf 75' lang='grc' dir='ltr'>8[Σεὸ]αστοῦ</span> 
     </span>
    </p>
   </div>
   <div class='ocr_carea' id='block_1_5' title="bbox 734 1763 3190 2111">
    <p class='ocr_par' dir='ltr' id='par_1_6' title="bbox 734 1763 3190 2111">
     <span class='ocr_line' id='line_1_9' title="bbox 736 1763 3189 1864; baseline 0.001 -30"><span class='ocrx_word' id='word_1_59' title='bbox 736 1766 969 1863; x_wconf 78' lang='grc' dir='ltr'>ἱερέως</span> <span class='ocrx_word' id='word_1_60' title='bbox 1023 1764 1163 1835; x_wconf 91' lang='lat' dir='ltr'>nisi</span> <span class='ocrx_word' id='word_1_61' title='bbox 1207 1763 1455 1862; x_wconf 90' lang='lat' dir='ltr'>potius</span> <span class='ocrx_word' id='word_1_62' title='bbox 1508 1766 1838 1864; x_wconf 79' lang='grc' dir='ltr'>ἀρχιερέα</span> <span class='ocrx_word' id='word_1_63' title='bbox 1903 1775 2049 1835; x_wconf 89' lang='lat' dir='ltr'>tam</span> <span class='ocrx_word' id='word_1_64' title='bbox 2108 1774 2460 1836; x_wconf 88' lang='lat' dir='ltr'>uenerato</span> <span class='ocrx_word' id='word_1_65' title='bbox 2524 1765 2913 1837; x_wconf 88' lang='lat' dir='ltr'>caelicolae</span> <span class='ocrx_word' id='word_1_66' title='bbox 2976 1765 3189 1837; x_wconf 89' lang='lat' dir='ltr'>insti-</span> 
     </span>
     <span class='ocr_line' id='line_1_10' title="bbox 734 1888 1069 1960; baseline 0.003 -2"><span class='ocrx_word' id='word_1_67' title='bbox 734 1888 1069 1960; x_wconf 89' lang='lat' dir='ltr'>tuissent.</span> 
     </span>
     <span class='ocr_line' id='line_1_11' title="bbox 833 1990 3190 2111; baseline 0.001 -27"><span class='ocrx_word' id='word_1_68' title='bbox 833 2013 1102 2084; x_wconf 92' lang='lat' dir='ltr'>Procul</span> <span class='ocrx_word' id='word_1_69' title='bbox 1151 2011 1379 2084; x_wconf 90' lang='lat' dir='ltr'>dubio</span> <span class='ocrx_word' id='word_1_70' title='bbox 1433 2023 1540 2085; x_wconf 89' lang='lat' dir='ltr'>est</span> <span class='ocrx_word' id='word_1_71' title='bbox 1605 2013 1931 2111; x_wconf 91' lang='lat' dir='ltr'>Delphos</span> <span class='ocrx_word' id='word_1_72' title='bbox 1980 2040 2053 2085; x_wconf 91' lang='lat' dir='ltr'>u.</span> <span class='ocrx_word' id='word_1_73' title='bbox 2119 2014 2161 2085; x_wconf 84' lang='lat'>5</span> <span class='ocrx_word' id='word_1_74' title='bbox 2215 2014 2305 2085; x_wconf 92' lang='lat' dir='ltr'>de</span> <span class='ocrx_word' id='word_1_75' title='bbox 2360 2013 2758 2085; x_wconf 90' lang='lat' dir='ltr'>Eleusiniis</span> <span class='ocrx_word' id='word_1_76' title='bbox 2815 1990 3190 2111; x_wconf 78' lang='lat' dir='ltr'>mysteriis</span> 
     </span>
    </p>
   </div>
   <div class='ocr_carea' id='block_1_6' title="bbox 731 2145 3189 3352">
    <p class='ocr_par' dir='ltr' id='par_1_7' title="bbox 733 2145 3189 2742">
     <span class='ocr_line' id='line_1_12' title="bbox 733 2145 3181 2246; baseline 0.001 -28"><span class='ocrx_word' id='word_1_77' title='bbox 733 2145 1171 2245; x_wconf 88' lang='lat' dir='ltr'>cogitauisse</span> <span class='ocrx_word' id='word_1_78' title='bbox 1221 2156 1294 2218; x_wconf 93' lang='lat' dir='ltr'>et</span> <span class='ocrx_word' id='word_1_79' title='bbox 1340 2146 1719 2218; x_wconf 88' lang='lat' dir='ltr'>Hadriano</span> <span class='ocrx_word' id='word_1_80' title='bbox 1774 2172 2013 2245; x_wconf 92' lang='lat' dir='ltr'>nuper</span> <span class='ocrx_word' id='word_1_81' title='bbox 2066 2149 2498 2245; x_wconf 83' lang='grc' dir='ltr'>μεμυημένῳ</span> <span class='ocrx_word' id='word_1_82' title='bbox 2551 2149 2948 2246; x_wconf 84' lang='lat' dir='ltr'>gratulatos</span> <span class='ocrx_word' id='word_1_83' title='bbox 2998 2162 3181 2222; x_wconf 74' lang='lat' dir='ltr'>esse.</span> 
     </span>
     <span class='ocr_line' id='line_1_13' title="bbox 733 2269 3187 2370; baseline 0.001 -28"><span class='ocrx_word' id='word_1_84' title='bbox 733 2269 878 2342; x_wconf 87' lang='lat' dir='ltr'>Sed</span> <span class='ocrx_word' id='word_1_85' title='bbox 936 2269 1092 2342; x_wconf 91' lang='lat' dir='ltr'>siue</span> <span class='ocrx_word' id='word_1_86' title='bbox 1149 2270 1239 2342; x_wconf 91' lang='lat' dir='ltr'>de</span> <span class='ocrx_word' id='word_1_87' title='bbox 1288 2271 1533 2369; x_wconf 92' lang='lat' dir='ltr'>priore</span> <span class='ocrx_word' id='word_1_88' title='bbox 1588 2271 2000 2342; x_wconf 82' lang='lat' dir='ltr'>initiatione</span> <span class='ocrx_word' id='word_1_89' title='bbox 2055 2296 2119 2342; x_wconf 89' lang='lat' dir='ltr'>a.</span> <span class='ocrx_word' id='word_1_90' title='bbox 2190 2272 2326 2342; x_wconf 80' lang='lat'>125</span> <span class='ocrx_word' id='word_1_91' title='bbox 2375 2272 2517 2343; x_wconf 91' lang='lat' dir='ltr'>hoc</span> <span class='ocrx_word' id='word_1_92' title='bbox 2569 2271 2839 2370; x_wconf 87' lang='lat' dir='ltr'>accipis</span> <span class='ocrx_word' id='word_1_93' title='bbox 2891 2273 3048 2344; x_wconf 70' lang='lat' dir='ltr'>siue</span> <span class='ocrx_word' id='word_1_94' title='bbox 3097 2274 3187 2344; x_wconf 93' lang='lat' dir='ltr'>de</span> 
     </span>
     <span class='ocr_line' id='line_1_14' title="bbox 734 2393 3186 2494; baseline 0.001 -28"><span class='ocrx_word' id='word_1_95' title='bbox 734 2394 1031 2493; x_wconf 89' lang='lat' dir='ltr'>epoptia</span> <span class='ocrx_word' id='word_1_96' title='bbox 1080 2421 1299 2493; x_wconf 91' lang='lat' dir='ltr'>quam</span> <span class='ocrx_word' id='word_1_97' title='bbox 1357 2396 1442 2466; x_wconf 91' lang='lat' dir='ltr'>P.</span> <span class='ocrx_word' id='word_1_98' title='bbox 1501 2396 1869 2467; x_wconf 89' lang='lat' dir='ltr'>Foucart¹</span> <span class='ocrx_word' id='word_1_99' title='bbox 1925 2393 2266 2466; x_wconf 89' lang='lat' dir='ltr'>Cassium</span> <span class='ocrx_word' id='word_1_100' title='bbox 2325 2394 2646 2467; x_wconf 92' lang='lat' dir='ltr'>Dionem</span> <span class='ocrx_word' id='word_1_101' title='bbox 2697 2397 2978 2494; x_wconf 88' lang='lat' dir='ltr'>optimo</span> <span class='ocrx_word' id='word_1_102' title='bbox 3028 2397 3186 2470; x_wconf 89' lang='lat' dir='ltr'>iure</span> 
     </span>
     <span class='ocr_line' id='line_1_15' title="bbox 733 2518 3189 2607; baseline 0.002 -18"><span class='ocrx_word' id='word_1_103' title='bbox 733 2529 1027 2591; x_wconf 89' lang='lat' dir='ltr'>secutus</span> <span class='ocrx_word' id='word_1_104' title='bbox 1094 2546 1159 2591; x_wconf 90' lang='lat' dir='ltr'>a.</span> <span class='ocrx_word' id='word_1_105' title='bbox 1229 2521 1366 2590; x_wconf 78' lang='lat'>129</span> <span class='ocrx_word' id='word_1_106' title='bbox 1421 2518 1857 2607; x_wconf 78' lang='lat' dir='ltr'>uindicanit,</span> <span class='ocrx_word' id='word_1_107' title='bbox 1926 2529 2209 2591; x_wconf 89' lang='lat' dir='ltr'>certum</span> <span class='ocrx_word' id='word_1_108' title='bbox 2270 2519 2565 2592; x_wconf 91' lang='lat' dir='ltr'>uidetur</span> <span class='ocrx_word' id='word_1_109' title='bbox 2624 2521 2931 2593; x_wconf 83' lang='lat' dir='ltr'>alteram</span> <span class='ocrx_word' id='word_1_110' title='bbox 3000 2523 3189 2594; x_wconf 88' lang='lat' dir='ltr'>hanc</span> 
     </span>
     <span class='ocr_line' id='line_1_16' title="bbox 734 2643 2387 2742; baseline 0.001 -28"><span class='ocrx_word' id='word_1_111' title='bbox 734 2644 1126 2742; x_wconf 88' lang='lat' dir='ltr'>epistulam</span> <span class='ocrx_word' id='word_1_112' title='bbox 1169 2653 1337 2742; x_wconf 88' lang='lat' dir='ltr'>post</span> <span class='ocrx_word' id='word_1_113' title='bbox 1373 2643 1572 2715; x_wconf 89' lang='lat' dir='ltr'>illam</span> <span class='ocrx_word' id='word_1_114' title='bbox 1623 2653 1817 2715; x_wconf 89' lang='lat' dir='ltr'>recte</span> <span class='ocrx_word' id='word_1_115' title='bbox 1852 2644 2171 2742; x_wconf 85' lang='lat' dir='ltr'>positam</span> <span class='ocrx_word' id='word_1_116' title='bbox 2204 2670 2387 2716; x_wconf 90' lang='lat' dir='ltr'>esse.</span> 
     </span>
    </p>

    <p class='ocr_par' dir='ltr' id='par_1_8' title="bbox 731 2767 3189 3352">
     <span class='ocr_line' id='line_1_17' title="bbox 831 2767 3184 2869; baseline 0.001 -29"><span class='ocrx_word' id='word_1_117' title='bbox 831 2769 997 2840; x_wconf 91' lang='lat' dir='ltr'>Non</span> <span class='ocrx_word' id='word_1_118' title='bbox 1067 2767 1385 2841; x_wconf 89' lang='lat' dir='ltr'>alienum</span> <span class='ocrx_word' id='word_1_119' title='bbox 1453 2778 1561 2840; x_wconf 89' lang='lat' dir='ltr'>est</span> <span class='ocrx_word' id='word_1_120' title='bbox 1616 2768 1758 2841; x_wconf 95' lang='lat' dir='ltr'>hoc</span> <span class='ocrx_word' id='word_1_121' title='bbox 1832 2768 1995 2869; x_wconf 90' lang='lat' dir='ltr'>ipso</span> <span class='ocrx_word' id='word_1_122' title='bbox 2077 2769 2427 2867; x_wconf 89' lang='lat' dir='ltr'>temporis</span> <span class='ocrx_word' id='word_1_123' title='bbox 2503 2780 2883 2842; x_wconf 90' lang='lat' dir='ltr'>momento</span> <span class='ocrx_word' id='word_1_124' title='bbox 2951 2781 3184 2843; x_wconf 86' lang='lat' dir='ltr'>totum</span> 
     </span>
     <span class='ocr_line' id='line_1_18' title="bbox 736 2892 3184 2993; baseline 0.002 -28"><span class='ocrx_word' id='word_1_125' title='bbox 736 2893 1093 2965; x_wconf 89' lang='lat' dir='ltr'>Hadriani</span> <span class='ocrx_word' id='word_1_126' title='bbox 1126 2894 1644 2993; x_wconf 82' lang='lat' dir='ltr'>principatum,</span> <span class='ocrx_word' id='word_1_127' title='bbox 1681 2903 1762 2964; x_wconf 91' lang='lat' dir='ltr'>ut</span> <span class='ocrx_word' id='word_1_128' title='bbox 1791 2894 1891 2966; x_wconf 88' lang='lat' dir='ltr'>ita</span> <span class='ocrx_word' id='word_1_129' title='bbox 1916 2894 2185 2980; x_wconf 75' lang='lat' dir='ltr'>dicam,</span> <span class='ocrx_word' id='word_1_130' title='bbox 2217 2893 2293 2965; x_wconf 91' lang='lat' dir='ltr'>in</span> <span class='ocrx_word' id='word_1_131' title='bbox 2318 2892 2834 2967; x_wconf 80' lang='lat' dir='ltr'>breuissimam</span> <span class='ocrx_word' id='word_1_132' title='bbox 2870 2896 3184 2993; x_wconf 87' lang='lat' dir='ltr'>effigiem</span> 
     </span>
     <span class='ocr_line' id='line_1_19' title="bbox 733 3018 3189 3117; baseline 0.002 -28"><span class='ocrx_word' id='word_1_133' title='bbox 733 3018 986 3089; x_wconf 92' lang='lat' dir='ltr'>reduci</span> <span class='ocrx_word' id='word_1_134' title='bbox 1034 3042 1047 3088; x_wconf 91' lang='lat'>:</span> <span class='ocrx_word' id='word_1_135' title='bbox 1095 3018 1620 3117; x_wconf 89' lang='lat' dir='ltr'>imperatorem</span> <span class='ocrx_word' id='word_1_136' title='bbox 1663 3045 2093 3117; x_wconf 88' lang='lat' dir='ltr'>graecarum</span> <span class='ocrx_word' id='word_1_137' title='bbox 2128 3045 2374 3091; x_wconf 89' lang='lat' dir='ltr'>rerum</span> <span class='ocrx_word' id='word_1_138' title='bbox 2418 3020 2738 3092; x_wconf 85' lang='lat' dir='ltr'>maxime</span> <span class='ocrx_word' id='word_1_139' title='bbox 2775 3020 3189 3094; x_wconf 87' lang='lat' dir='ltr'>studiosum</span> 
     </span>
     <span class='ocr_line' id='line_1_20' title="bbox 733 3142 3186 3243; baseline 0.002 -31"><span class='ocrx_word' id='word_1_140' title='bbox 733 3142 1354 3240; x_wconf 88' lang='lat' dir='ltr'>magnificumque</span> <span class='ocrx_word' id='word_1_141' title='bbox 1401 3142 1861 3242; x_wconf 94' lang='lat' dir='ltr'>Delphorum</span> <span class='ocrx_word' id='word_1_142' title='bbox 1904 3155 2325 3241; x_wconf 82' lang='lat' dir='ltr'>patronum,</span> <span class='ocrx_word' id='word_1_143' title='bbox 2365 3144 2695 3243; x_wconf 88' lang='lat' dir='ltr'>Delphos</span> <span class='ocrx_word' id='word_1_144' title='bbox 2743 3171 2920 3216; x_wconf 91' lang='lat' dir='ltr'>uero</span> <span class='ocrx_word' id='word_1_145' title='bbox 2976 3144 3186 3242; x_wconf 89' lang='lat' dir='ltr'>quasi</span> 
     </span>
     <span class='ocr_line' id='line_1_21' title="bbox 731 3266 1763 3352; baseline 0.004 -16"><span class='ocrx_word' id='word_1_146' title='bbox 731 3267 940 3337; x_wconf 91' lang='lat' dir='ltr'>humi</span> <span class='ocrx_word' id='word_1_147' title='bbox 980 3266 1325 3352; x_wconf 78' lang='lat' dir='ltr'>iacenteS‚</span> <span class='ocrx_word' id='word_1_148' title='bbox 1348 3267 1763 3340; x_wconf 78' lang='lat' dir='ltr'>adorantes,</span> 
     </span>
    </p>
   </div>
   <div class='ocr_carea' id='block_1_7' title="bbox 731 3477 3188 4074">
    <p class='ocr_par' dir='ltr' id='par_1_9' title="bbox 731 3477 3188 4074">
     <span class='ocr_line' id='line_1_22' title="bbox 833 3477 3186 3578; baseline 0.002 -32"><span class='ocrx_word' id='word_1_149' title='bbox 833 3477 1266 3549; x_wconf 76' lang='lat' dir='ltr'>ANTovaM</span> <span class='ocrx_word' id='word_1_150' title='bbox 1359 3477 1553 3549; x_wconf 78' lang='lat' dir='ltr'>P1vM</span> <span class='ocrx_word' id='word_1_151' title='bbox 1628 3478 1773 3550; x_wconf 88' lang='lat' dir='ltr'>iam</span> <span class='ocrx_word' id='word_1_152' title='bbox 1842 3478 2340 3578; x_wconf 90' lang='lat' dir='ltr'>comperimus</span> <span class='ocrx_word' id='word_1_153' title='bbox 2417 3478 2739 3577; x_wconf 91' lang='lat' dir='ltr'>delphici</span> <span class='ocrx_word' id='word_1_154' title='bbox 2816 3480 3186 3552; x_wconf 87' lang='lat' dir='ltr'>archontis</span> 
     </span>
     <span class='ocr_line' id='line_1_23' title="bbox 732 3602 3185 3702; baseline 0.001 -30"><span class='ocrx_word' id='word_1_155' title='bbox 732 3627 1002 3673; x_wconf 92' lang='lat' dir='ltr'>munus</span> <span class='ocrx_word' id='word_1_156' title='bbox 1043 3612 1166 3673; x_wconf 89' lang='lat' dir='ltr'>aut</span> <span class='ocrx_word' id='word_1_157' title='bbox 1208 3602 1457 3700; x_wconf 90' lang='lat' dir='ltr'>potius</span> <span class='ocrx_word' id='word_1_158' title='bbox 1488 3629 1759 3674; x_wconf 93' lang='lat' dir='ltr'>nomen</span> <span class='ocrx_word' id='word_1_159' title='bbox 1803 3603 2169 3700; x_wconf 89' lang='lat' dir='ltr'>accepisse</span> <span class='ocrx_word' id='word_1_160' title='bbox 2217 3627 2231 3674; x_wconf 91' lang='lat'><strong>:</strong></span> <span class='ocrx_word' id='word_1_161' title='bbox 2277 3604 2371 3675; x_wconf 89' lang='lat' dir='ltr'>cf.</span> <span class='ocrx_word' id='word_1_162' title='bbox 2417 3629 2490 3702; x_wconf 94' lang='lat' dir='ltr'>p.</span> <span class='ocrx_word' id='word_1_163' title='bbox 2528 3605 2647 3678; x_wconf 81' lang='lat'>36.</span> <span class='ocrx_word' id='word_1_164' title='bbox 2686 3604 2924 3676; x_wconf 88' lang='lat' dir='ltr'>Maius</span> <span class='ocrx_word' id='word_1_165' title='bbox 2963 3605 3185 3676; x_wconf 89' lang='lat' dir='ltr'>etiam</span> 
     </span>
     <span class='ocr_line' id='line_1_24' title="bbox 731 3725 3188 3828; baseline 0.002 -33"><span class='ocrx_word' id='word_1_166' title='bbox 731 3725 854 3797; x_wconf 90' lang='lat' dir='ltr'>ille</span> <span class='ocrx_word' id='word_1_167' title='bbox 895 3725 1464 3799; x_wconf 90' lang='lat' dir='ltr'>beneuolentiae</span> <span class='ocrx_word' id='word_1_168' title='bbox 1500 3727 1768 3826; x_wconf 90' lang='lat' dir='ltr'>pignus</span> <span class='ocrx_word' id='word_1_169' title='bbox 1806 3727 2008 3798; x_wconf 90' lang='lat' dir='ltr'>dedit</span> <span class='ocrx_word' id='word_1_170' title='bbox 2050 3728 2226 3799; x_wconf 92' lang='lat' dir='ltr'>dum</span> <span class='ocrx_word' id='word_1_171' title='bbox 2269 3727 2358 3799; x_wconf 89' lang='lat' dir='ltr'>ad</span> <span class='ocrx_word' id='word_1_172' title='bbox 2405 3729 2992 3828; x_wconf 85' lang='lat' dir='ltr'>Amphictyones</span> <span class='ocrx_word' id='word_1_173' title='bbox 3035 3729 3188 3801; x_wconf 91' lang='lat' dir='ltr'>del-</span> 
     </span>
     <span class='ocr_line' id='line_1_25' title="bbox 732 3850 3187 3950; baseline 0.002 -29"><span class='ocrx_word' id='word_1_174' title='bbox 732 3850 1175 3948; x_wconf 89' lang='lat' dir='ltr'>phicamque</span> <span class='ocrx_word' id='word_1_175' title='bbox 1251 3850 1626 3923; x_wconf 89' lang='lat' dir='ltr'>ciuitatem</span> <span class='ocrx_word' id='word_1_176' title='bbox 1711 3852 2099 3950; x_wconf 88' lang='lat' dir='ltr'>epistulam</span> <span class='ocrx_word' id='word_1_177' title='bbox 2182 3853 2405 3924; x_wconf 85' lang='lat' dir='ltr'>mittit</span> <span class='ocrx_word' id='word_1_178' title='bbox 2485 3852 2694 3924; x_wconf 89' lang='lat' dir='ltr'>cuius</span> <span class='ocrx_word' id='word_1_179' title='bbox 2777 3854 3187 3949; x_wconf 86' lang='lat' dir='ltr'>fragmenta</span> 
     </span>
     <span class='ocr_line' id='line_1_26' title="bbox 731 3965 2108 4074; baseline 0.003 -29"><span class='ocrx_word' id='word_1_180' title='bbox 731 3975 1085 4046; x_wconf 89' lang='lat' dir='ltr'>hactenus</span> <span class='ocrx_word' id='word_1_181' title='bbox 1130 3977 1487 4047; x_wconf 89' lang='lat' dir='ltr'>nonnulla</span> <span class='ocrx_word' id='word_1_182' title='bbox 1529 3965 1815 4074; x_wconf 85' lang='lat' dir='ltr'>reperta</span> <span class='ocrx_word' id='word_1_183' title='bbox 1855 3988 2025 4048; x_wconf 91' lang='lat' dir='ltr'>sunt</span> <span class='ocrx_word' id='word_1_184' title='bbox 2059 3979 2108 4049; x_wconf 67' lang='lat'>2.</span> 
     </span>
    </p>
   </div>
   <div class='ocr_carea' id='block_1_8' title="bbox 807 4178 1415 4233">
    <p class='ocr_par' dir='ltr' id='par_1_10' title="bbox 807 4178 1415 4233">
     <span class='ocr_line' id='line_1_27' title="bbox 807 4178 1415 4233; baseline 0.007 -3"><span class='ocrx_word' id='word_1_185' title='bbox 807 4182 852 4230; x_wconf 81' lang='lat'>1.</span> <span class='ocrx_word' id='word_1_186' title='bbox 898 4179 1031 4231; x_wconf 80' lang='lat' dir='ltr'>Rev.</span> <span class='ocrx_word' id='word_1_187' title='bbox 1058 4178 1274 4231; x_wconf 79' lang='lat' dir='ltr'>Philol.</span> <span class='ocrx_word' id='word_1_188' title='bbox 1306 4180 1343 4233; x_wconf 82' lang='lat' dir='ltr'>l.</span> <span class='ocrx_word' id='word_1_189' title='bbox 1376 4182 1415 4233; x_wconf 83' lang='lat' dir='ltr'>l.</span> 
     </span>
    </p>
   </div>
   <div class='ocr_carea' id='block_1_9' title="bbox 803 4268 3269 4343">
    <p class='ocr_par' dir='ltr' id='par_1_11' title="bbox 803 4268 3269 4343">
     <span class='ocr_line' id='line_1_28' title="bbox 803 4268 3269 4343; baseline 0.002 -24"><span class='ocrx_word' id='word_1_190' title='bbox 803 4270 851 4320; x_wconf 77' lang='lat'>2.</span> <span class='ocrx_word' id='word_1_191' title='bbox 895 4268 1026 4320; x_wconf 87' lang='lat' dir='ltr'>Tria</span> <span class='ocrx_word' id='word_1_192' title='bbox 1065 4268 1391 4339; x_wconf 84' lang='lat' dir='ltr'>fragmenta</span> <span class='ocrx_word' id='word_1_193' title='bbox 1435 4269 1647 4340; x_wconf 85' lang='lat' dir='ltr'>lapidis</span> <span class='ocrx_word' id='word_1_194' title='bbox 1691 4271 1833 4323; x_wconf 91' lang='lat' dir='ltr'>calc.</span> <span class='ocrx_word' id='word_1_195' title='bbox 1882 4288 1937 4322; x_wconf 91' lang='lat' dir='ltr'>n.</span> <span class='ocrx_word' id='word_1_196' title='bbox 1982 4272 2121 4323; x_wconf 79' lang='lat'><strong>3722</strong></span> <span class='ocrx_word' id='word_1_197' title='bbox 2172 4271 2527 4341; x_wconf 85' lang='lat' dir='ltr'>quibuscum</span> <span class='ocrx_word' id='word_1_198' title='bbox 2580 4272 2959 4341; x_wconf 85' lang='lat' dir='ltr'>coniungitur</span> <span class='ocrx_word' id='word_1_199' title='bbox 3024 4272 3183 4343; x_wconf 85' lang='lat' dir='ltr'>srag-</span> <span class='ocrx_word' id='word_1_200' title='bbox 3255 4328 3269 4337; x_wconf 64' lang='lat'>‚</span> 
     </span>
    </p>
   </div>
   <div class='ocr_carea' id='block_1_10' title="bbox 729 4356 3183 4606">
    <p class='ocr_par' dir='ltr' id='par_1_12' title="bbox 729 4356 3183 4606">
     <span class='ocr_line' id='line_1_29' title="bbox 730 4356 3181 4429; baseline 0.002 -22"><span class='ocrx_word' id='word_1_201' title='bbox 730 4362 993 4408; x_wconf 82' lang='lat' dir='ltr'>mentum</span> <span class='ocrx_word' id='word_1_202' title='bbox 1023 4356 1185 4409; x_wconf 89' lang='lat' dir='ltr'>BCH</span> <span class='ocrx_word' id='word_1_203' title='bbox 1210 4357 1284 4409; x_wconf 75' lang='lat' dir='ltr'>vl</span> <span class='ocrx_word' id='word_1_204' title='bbox 1315 4376 1370 4428; x_wconf 89' lang='lat' dir='ltr'>p.</span> <span class='ocrx_word' id='word_1_205' title='bbox 1406 4359 1526 4411; x_wconf 70' lang='lat'><strong>454.</strong></span> <span class='ocrx_word' id='word_1_206' title='bbox 1559 4376 1612 4413; x_wconf 88' lang='lat' dir='ltr'>n.</span> <span class='ocrx_word' id='word_1_207' title='bbox 1644 4360 1711 4411; x_wconf 79' lang='lat'>85</span> <span class='ocrx_word' id='word_1_208' title='bbox 1738 4359 1982 4413; x_wconf 87' lang='lat' dir='ltr'>cditum.</span> <span class='ocrx_word' id='word_1_209' title='bbox 2020 4360 2101 4412; x_wconf 91' lang='lat' dir='ltr'>De</span> <span class='ocrx_word' id='word_1_210' title='bbox 2142 4360 2322 4412; x_wconf 86' lang='lat' dir='ltr'>altera</span> <span class='ocrx_word' id='word_1_211' title='bbox 2352 4360 2624 4412; x_wconf 89' lang='lat' dir='ltr'>columna</span> <span class='ocrx_word' id='word_1_212' title='bbox 2657 4366 2928 4429; x_wconf 77' lang='lat' dir='ltr'>superest</span> <span class='ocrx_word' id='word_1_213' title='bbox 2952 4365 3181 4413; x_wconf 87' lang='lat' dir='ltr'>tantum</span> 
     </span>
     <span class='ocr_line' id='line_1_30' title="bbox 731 4446 3183 4518; baseline 0.002 -22"><span class='ocrx_word' id='word_1_214' title='bbox 731 4446 959 4497; x_wconf 85' lang='lat' dir='ltr'>initium</span> <span class='ocrx_word' id='word_1_215' title='bbox 992 4446 1458 4515; x_wconf 82' lang='lat' dir='ltr'>quattuordecim</span> <span class='ocrx_word' id='word_1_216' title='bbox 1495 4465 1790 4517; x_wconf 81' lang='lat' dir='ltr'>uersuum,</span> <span class='ocrx_word' id='word_1_217' title='bbox 1811 4465 2005 4518; x_wconf 84' lang='lat' dir='ltr'>neque</span> <span class='ocrx_word' id='word_1_218' title='bbox 2035 4454 2177 4518; x_wconf 86' lang='lat' dir='ltr'>quot</span> <span class='ocrx_word' id='word_1_219' title='bbox 2200 4450 2429 4501; x_wconf 85' lang='lat' dir='ltr'>litterae</span> <span class='ocrx_word' id='word_1_220' title='bbox 2460 4448 2873 4503; x_wconf 87' lang='lat' dir='ltr'>desiderentur</span> <span class='ocrx_word' id='word_1_221' title='bbox 2897 4448 3183 4501; x_wconf 85' lang='lat' dir='ltr'>determi-</span> 
     </span>
     <span class='ocr_line' id='line_1_31' title="bbox 729 4551 1354 4606; baseline 0.003 -20"><span class='ocrx_word' id='word_1_222' title='bbox 729 4551 866 4587; x_wconf 87' lang='lat' dir='ltr'>nare</span> <span class='ocrx_word' id='word_1_223' title='bbox 898 4552 1051 4588; x_wconf 88' lang='lat' dir='ltr'>nunc</span> <span class='ocrx_word' id='word_1_224' title='bbox 1093 4552 1354 4606; x_wconf 89' lang='lat' dir='ltr'>possum.</span> 
     </span>
    </p>
   </div>
  </div>
 </body>
</html>
