<?xml version="1.0" encoding="UTF-8"?>
<!DOCTYPE html PUBLIC "-//W3C//DTD XHTML 1.0 Transitional//EN"
    "http://www.w3.org/TR/xhtml1/DTD/xhtml1-transitional.dtd">
<html xmlns="http://www.w3.org/1999/xhtml" xml:lang="en" lang="en">
 <head>
  <title>
</title>
<meta http-equiv="Content-Type" content="text/html;charset=utf-8" />
  <meta name='ocr-system' content='tesseract 3.04.00' />
  <meta name='ocr-capabilities' content='ocr_page ocr_carea ocr_par ocr_line ocrx_word'/>
</head>
<body>
  <div class='ocr_page' id='page_1' title='image "./derebusdelphici01bourgoog_0050.png"; bbox 0 0 3692 5643; ppageno 0'>
   <div class='ocr_carea' id='block_1_1' title="bbox 747 612 2240 682">
    <p class='ocr_par' dir='ltr' id='par_1_1' title="bbox 747 612 2240 682">
     <span class='ocr_line' id='line_1_1' title="bbox 747 612 2240 682; baseline -0.001 0"><span class='ocrx_word' id='word_1_1' title='bbox 747 612 842 682; x_wconf 77' lang='lat'><strong>42</strong></span> <span class='ocrx_word' id='word_1_2' title='bbox 1709 635 1798 682; x_wconf 74' lang='lat' dir='ltr'><strong>ns</strong></span> <span class='ocrx_word' id='word_1_3' title='bbox 1853 632 2240 681; x_wconf 71' lang='lat' dir='ltr'><strong>nsmlvncls</strong></span> 
     </span>
    </p>
   </div>
   <div class='ocr_carea' id='block_1_2' title="bbox 737 784 3190 1011">
    <p class='ocr_par' dir='ltr' id='par_1_2' title="bbox 737 784 3190 1011">
     <span class='ocr_line' id='line_1_2' title="bbox 737 784 3190 886; baseline -0.001 -26"><span class='ocrx_word' id='word_1_4' title='bbox 737 787 1169 861; x_wconf 81' lang='lat' dir='ltr'>incredibile</span> <span class='ocrx_word' id='word_1_5' title='bbox 1233 797 1644 860; x_wconf 86' lang='lat' dir='ltr'><strong>memoratu</strong></span> <span class='ocrx_word' id='word_1_6' title='bbox 1718 797 1829 859; x_wconf 89' lang='lat' dir='ltr'><strong>est</strong></span> <span class='ocrx_word' id='word_1_7' title='bbox 1902 785 2173 886; x_wconf 88' lang='lat' dir='ltr'><strong>quibus</strong></span> <span class='ocrx_word' id='word_1_8' title='bbox 2229 784 2683 859; x_wconf 82' lang='lat' dir='ltr'>funambulis</span> <span class='ocrx_word' id='word_1_9' title='bbox 2736 786 3190 859; x_wconf 87' lang='lat' dir='ltr'><strong>circulatori-</strong></span> 
     </span>
     <span class='ocr_line' id='line_1_3' title="bbox 737 909 3188 1011; baseline -0 -27"><span class='ocrx_word' id='word_1_10' title='bbox 737 911 1025 1011; x_wconf 89' lang='lat' dir='ltr'><strong>busque</strong></span> <span class='ocrx_word' id='word_1_11' title='bbox 1055 912 1222 985; x_wconf 86' lang='lat' dir='ltr'><strong>data</strong></span> <span class='ocrx_word' id='word_1_12' title='bbox 1269 911 1365 984; x_wconf 90' lang='lat' dir='ltr'><strong>sit</strong></span> <span class='ocrx_word' id='word_1_13' title='bbox 1401 937 1551 983; x_wconf 92' lang='lat' dir='ltr'><strong>non</strong></span> <span class='ocrx_word' id='word_1_14' title='bbox 1604 911 1841 984; x_wconf 90' lang='lat' dir='ltr'><strong>solum</strong></span> <span class='ocrx_word' id='word_1_15' title='bbox 1894 910 2183 999; x_wconf 84' lang='lat' dir='ltr'><strong>ciuitas,</strong></span> <span class='ocrx_word' id='word_1_16' title='bbox 2232 909 2361 982; x_wconf 93' lang='lat' dir='ltr'><strong>sed</strong></span> <span class='ocrx_word' id='word_1_17' title='bbox 2390 910 2612 982; x_wconf 85' lang='lat' dir='ltr'><strong>etiam</strong></span> <span class='ocrx_word' id='word_1_18' title='bbox 2646 909 2762 982; x_wconf 82' lang='lat' dir='ltr'><strong>ius</strong></span> <span class='ocrx_word' id='word_1_19' title='bbox 2799 911 3188 983; x_wconf 89' lang='lat' dir='ltr'><strong>consilium</strong></span> 
     </span>
    </p>
   </div>
   <div class='ocr_carea' id='block_1_3' title="bbox 735 1040 3189 1890">
    <p class='ocr_par' dir='ltr' id='par_1_3' title="bbox 735 1040 3189 1616">
     <span class='ocr_line' id='line_1_4' title="bbox 737 1040 3189 1144; baseline -0.001 -27"><span class='ocrx_word' id='word_1_20' title='bbox 737 1044 1230 1143; x_wconf 79' lang='lat' dir='ltr'><strong>ingrediendi,</strong></span> <span class='ocrx_word' id='word_1_21' title='bbox 1269 1071 1490 1144; x_wconf 80' lang='lat' dir='ltr'><strong>quam</strong></span> <span class='ocrx_word' id='word_1_22' title='bbox 1537 1040 1992 1142; x_wconf 76' lang='grc' dir='ltr'>βουλευτείαν</span> <span class='ocrx_word' id='word_1_23' title='bbox 2039 1042 2538 1143; x_wconf 81' lang='lat' dir='ltr'><strong>appellabant.</strong></span> <span class='ocrx_word' id='word_1_24' title='bbox 2590 1045 2847 1143; x_wconf 82' lang='lat' dir='ltr'><strong>Neque</strong></span> <span class='ocrx_word' id='word_1_25' title='bbox 2900 1044 3189 1117; x_wconf 89' lang='lat' dir='ltr'><strong>nescius</strong></span> 
     </span>
     <span class='ocr_line' id='line_1_5' title="bbox 739 1168 3186 1269; baseline -0.001 -27"><span class='ocrx_word' id='word_1_26' title='bbox 739 1196 905 1242; x_wconf 89' lang='lat' dir='ltr'><strong>sum</strong></span> <span class='ocrx_word' id='word_1_27' title='bbox 944 1195 1339 1269; x_wconf 79' lang='lat' dir='ltr'><strong>procerum</strong></span> <span class='ocrx_word' id='word_1_28' title='bbox 1386 1168 1703 1242; x_wconf 84' lang='lat' dir='ltr'><strong>familias</strong></span> <span class='ocrx_word' id='word_1_29' title='bbox 1742 1179 1918 1241; x_wconf 89' lang='lat' dir='ltr'><strong>tunc</strong></span> <span class='ocrx_word' id='word_1_30' title='bbox 1963 1194 2195 1267; x_wconf 88' lang='lat' dir='ltr'><strong>paene</strong></span> <span class='ocrx_word' id='word_1_31' title='bbox 2235 1168 2632 1240; x_wconf 79' lang='lat' dir='ltr'><strong>exstinctas</strong></span> <span class='ocrx_word' id='word_1_32' title='bbox 2672 1168 2900 1241; x_wconf 88' lang='lat' dir='ltr'><strong>fuisse</strong></span> <span class='ocrx_word' id='word_1_33' title='bbox 2942 1194 2957 1241; x_wconf 89' lang='lat'><strong>:</strong></span> <span class='ocrx_word' id='word_1_34' title='bbox 3006 1194 3186 1267; x_wconf 89' lang='lat' dir='ltr'><strong>quo-</strong></span> 
     </span>
     <span class='ocr_line' id='line_1_6' title="bbox 735 1292 3181 1390; baseline -0.002 -23"><span class='ocrx_word' id='word_1_35' title='bbox 735 1321 903 1367; x_wconf 85' lang='lat' dir='ltr'><strong>rum</strong></span> <span class='ocrx_word' id='word_1_36' title='bbox 963 1294 1040 1366; x_wconf 90' lang='lat' dir='ltr'><strong>in</strong></span> <span class='ocrx_word' id='word_1_37' title='bbox 1080 1294 1327 1367; x_wconf 85' lang='lat' dir='ltr'><strong>locum</strong></span> <span class='ocrx_word' id='word_1_38' title='bbox 1384 1305 1465 1366; x_wconf 87' lang='lat' dir='ltr'><strong>ut</strong></span> <span class='ocrx_word' id='word_1_39' title='bbox 1520 1292 1960 1365; x_wconf 86' lang='lat' dir='ltr'><strong>muneribus</strong></span> <span class='ocrx_word' id='word_1_40' title='bbox 2012 1293 2498 1390; x_wconf 81' lang='lat' dir='ltr'><strong>fungerentur</strong></span> <span class='ocrx_word' id='word_1_41' title='bbox 2540 1292 2946 1365; x_wconf 84' lang='lat' dir='ltr'><strong>sufficiendi</strong></span> <span class='ocrx_word' id='word_1_42' title='bbox 3010 1318 3181 1364; x_wconf 85' lang='lat' dir='ltr'><strong>sane</strong></span> 
     </span>
     <span class='ocr_line' id='line_1_7' title="bbox 736 1417 3186 1519; baseline -0.001 -27"><span class='ocrx_word' id='word_1_43' title='bbox 736 1430 946 1492; x_wconf 75' lang='lat' dir='ltr'><strong>erant</strong></span> <span class='ocrx_word' id='word_1_44' title='bbox 977 1417 1333 1504; x_wconf 77' lang='lat' dir='ltr'><strong>aduenae,</strong></span> <span class='ocrx_word' id='word_1_45' title='bbox 1365 1417 1497 1490; x_wconf 88' lang='lat' dir='ltr'><strong>sed</strong></span> <span class='ocrx_word' id='word_1_46' title='bbox 1525 1443 1740 1519; x_wconf 80' lang='lat' dir='ltr'><strong>aegre</strong></span> <span class='ocrx_word' id='word_1_47' title='bbox 1770 1417 1963 1489; x_wconf 85' lang='lat' dir='ltr'><strong>ferre</strong></span> <span class='ocrx_word' id='word_1_48' title='bbox 1998 1417 2170 1489; x_wconf 88' lang='lat' dir='ltr'><strong>licet</strong></span> <span class='ocrx_word' id='word_1_49' title='bbox 2198 1443 2328 1489; x_wconf 90' lang='lat' dir='ltr'><strong>eos</strong></span> <span class='ocrx_word' id='word_1_50' title='bbox 2356 1443 2508 1489; x_wconf 90' lang='lat' dir='ltr'><strong>non</strong></span> <span class='ocrx_word' id='word_1_51' title='bbox 2548 1443 2808 1489; x_wconf 92' lang='lat' dir='ltr'><strong>omnes</strong></span> <span class='ocrx_word' id='word_1_52' title='bbox 2846 1417 3186 1516; x_wconf 81' lang='lat' dir='ltr'><strong>Hyginos</strong></span> 
     </span>
     <span class='ocr_line' id='line_1_8' title="bbox 739 1540 1839 1616; baseline -0.001 0"><span class='ocrx_word' id='word_1_53' title='bbox 739 1543 1081 1616; x_wconf 81' lang='lat' dir='ltr'><strong>Soclaros</strong></span> <span class='ocrx_word' id='word_1_54' title='bbox 1111 1542 1549 1615; x_wconf 82' lang='lat' dir='ltr'><strong>Plutarchos</strong></span> <span class='ocrx_word' id='word_1_55' title='bbox 1585 1540 1839 1615; x_wconf 77' lang='lat' dir='ltr'><strong>fuisse.</strong></span> 
     </span>
    </p>

    <p class='ocr_par' dir='ltr' id='par_1_4' title="bbox 741 1665 3189 1890">
     <span class='ocr_line' id='line_1_9' title="bbox 838 1665 3189 1765; baseline -0.001 -26"><span class='ocrx_word' id='word_1_56' title='bbox 838 1667 1054 1740; x_wconf 88' lang='lat' dir='ltr'><strong>Alius</strong></span> <span class='ocrx_word' id='word_1_57' title='bbox 1107 1677 1355 1740; x_wconf 80' lang='lat' dir='ltr'><strong>autem</strong></span> <span class='ocrx_word' id='word_1_58' title='bbox 1404 1667 1547 1738; x_wconf 79' lang='lat' dir='ltr'><strong>fuit</strong></span> <span class='ocrx_word' id='word_1_59' title='bbox 1608 1667 2083 1764; x_wconf 80' lang='lat' dir='ltr'><strong>magistratus</strong></span> <span class='ocrx_word' id='word_1_60' title='bbox 2124 1692 2347 1765; x_wconf 88' lang='lat' dir='ltr'><strong>quem</strong></span> <span class='ocrx_word' id='word_1_61' title='bbox 2411 1667 2724 1765; x_wconf 82' lang='lat' dir='ltr'><strong>Delphis</strong></span> <span class='ocrx_word' id='word_1_62' title='bbox 2787 1665 3189 1764; x_wconf 85' lang='lat' dir='ltr'><strong>antiquitus</strong></span> 
     </span>
     <span class='ocr_line' id='line_1_10' title="bbox 741 1789 3188 1890; baseline -0.001 -26"><span class='ocrx_word' id='word_1_63' title='bbox 741 1792 1065 1864; x_wconf 78' lang='lat' dir='ltr'><strong>extitisse</strong></span> <span class='ocrx_word' id='word_1_64' title='bbox 1129 1791 1503 1875; x_wconf 79' lang='lat' dir='ltr'><strong>nouimus,</strong></span> <span class='ocrx_word' id='word_1_65' title='bbox 1579 1791 1673 1863; x_wconf 94' lang='lat' dir='ltr'><strong>de</strong></span> <span class='ocrx_word' id='word_1_66' title='bbox 1741 1817 1891 1889; x_wconf 86' lang='lat' dir='ltr'><strong>quo</strong></span> <span class='ocrx_word' id='word_1_67' title='bbox 1983 1791 2231 1890; x_wconf 75' lang='lat' dir='ltr'><strong>paullo</strong></span> <span class='ocrx_word' id='word_1_68' title='bbox 2299 1791 2514 1889; x_wconf 80' lang='lat' dir='ltr'><strong>plura</strong></span> <span class='ocrx_word' id='word_1_69' title='bbox 2585 1789 3188 1889; x_wconf 77' lang='lat' dir='ltr'><strong>inscriptionibus</strong></span> 
     </span>
    </p>
   </div>
   <div class='ocr_carea' id='block_1_4' title="bbox 739 1915 3190 3020">
    <p class='ocr_par' dir='ltr' id='par_1_5' title="bbox 739 1915 3190 3020">
     <span class='ocr_line' id='line_1_11' title="bbox 741 1915 3188 2025; baseline -0.001 -28"><span class='ocrx_word' id='word_1_70' title='bbox 741 1925 1259 2025; x_wconf 83' lang='lat' dir='ltr'><strong>imperatoriae</strong></span> <span class='ocrx_word' id='word_1_71' title='bbox 1300 1925 1560 1998; x_wconf 85' lang='lat' dir='ltr'><strong>aetatis</strong></span> <span class='ocrx_word' id='word_1_72' title='bbox 1610 1924 1993 2008; x_wconf 77' lang='lat' dir='ltr'><strong>docemur,</strong></span> <span class='ocrx_word' id='word_1_73' title='bbox 2029 1915 2497 2023; x_wconf 81' lang='grc' dir='ltr'>δαμιουργούς</span> <span class='ocrx_word' id='word_1_74' title='bbox 2535 1923 2727 1997; x_wconf 82' lang='lat' dir='ltr'><strong>dico,</strong></span> <span class='ocrx_word' id='word_1_75' title='bbox 2778 1925 2944 1996; x_wconf 90' lang='lat' dir='ltr'><strong>Non</strong></span> <span class='ocrx_word' id='word_1_76' title='bbox 2985 1925 3188 2023; x_wconf 89' lang='lat' dir='ltr'><strong>equi-</strong></span> 
     </span>
     <span class='ocr_line' id='line_1_12' title="bbox 739 2048 3188 2147; baseline -0 -25"><span class='ocrx_word' id='word_1_77' title='bbox 739 2049 909 2122; x_wconf 87' lang='lat' dir='ltr'><strong>dem</strong></span> <span class='ocrx_word' id='word_1_78' title='bbox 949 2050 1023 2122; x_wconf 92' lang='lat' dir='ltr'><strong>in</strong></span> <span class='ocrx_word' id='word_1_79' title='bbox 1079 2059 1324 2122; x_wconf 88' lang='lat' dir='ltr'><strong>mente</strong></span> <span class='ocrx_word' id='word_1_80' title='bbox 1374 2049 1611 2122; x_wconf 81' lang='lat' dir='ltr'><strong>habeo</strong></span> <span class='ocrx_word' id='word_1_81' title='bbox 1652 2049 1903 2122; x_wconf 92' lang='lat' dir='ltr'><strong>omnia</strong></span> <span class='ocrx_word' id='word_1_82' title='bbox 1949 2050 2289 2121; x_wconf 92' lang='lat' dir='ltr'><strong>omnium</strong></span> <span class='ocrx_word' id='word_1_83' title='bbox 2338 2048 2721 2122; x_wconf 89' lang='lat' dir='ltr'><strong>ciuitatum</strong></span> <span class='ocrx_word' id='word_1_84' title='bbox 2762 2074 3188 2147; x_wconf 86' lang='lat' dir='ltr'><strong>graecarum</strong></span> 
     </span>
     <span class='ocr_line' id='line_1_13' title="bbox 742 2172 3190 2274; baseline -0.001 -28"><span class='ocrx_word' id='word_1_85' title='bbox 742 2185 816 2255; x_wconf 85' lang='lat' dir='ltr'><strong>et</strong></span> <span class='ocrx_word' id='word_1_86' title='bbox 893 2175 1327 2274; x_wconf 83' lang='lat' dir='ltr'><strong>praesertim</strong></span> <span class='ocrx_word' id='word_1_87' title='bbox 1414 2174 1828 2247; x_wconf 88' lang='lat' dir='ltr'><strong>asianarum</strong></span> <span class='ocrx_word' id='word_1_88' title='bbox 1922 2174 2364 2246; x_wconf 88' lang='lat' dir='ltr'><strong>documenta</strong></span> <span class='ocrx_word' id='word_1_89' title='bbox 2445 2200 2841 2272; x_wconf 82' lang='lat' dir='ltr'><strong>congerere</strong></span> <span class='ocrx_word' id='word_1_90' title='bbox 2920 2172 3190 2272; x_wconf 91' lang='lat' dir='ltr'><strong>quibus</strong></span> 
     </span>
     <span class='ocr_line' id='line_1_14' title="bbox 739 2278 3183 2399; baseline -0.001 -28"><span class='ocrx_word' id='word_1_91' title='bbox 739 2278 1106 2397; x_wconf 84' lang='lat' dir='ltr'><strong>demiurgi</strong></span> <span class='ocrx_word' id='word_1_92' title='bbox 1178 2299 1661 2371; x_wconf 87' lang='lat' dir='ltr'><strong>nominantur</strong></span> <span class='ocrx_word' id='word_1_93' title='bbox 1708 2324 1723 2371; x_wconf 74' lang='grc' dir='ltr'>ε</span> <span class='ocrx_word' id='word_1_94' title='bbox 1783 2299 2095 2398; x_wconf 87' lang='lat' dir='ltr'><strong>Delphis</strong></span> <span class='ocrx_word' id='word_1_95' title='bbox 2157 2325 2363 2388; x_wconf 88' lang='lat' dir='ltr'><strong>uero,</strong></span> <span class='ocrx_word' id='word_1_96' title='bbox 2440 2310 2521 2370; x_wconf 90' lang='lat' dir='ltr'><strong>ut</strong></span> <span class='ocrx_word' id='word_1_97' title='bbox 2583 2324 2816 2398; x_wconf 89' lang='lat' dir='ltr'><strong>paene</strong></span> <span class='ocrx_word' id='word_1_98' title='bbox 2884 2297 3183 2399; x_wconf 81' lang='lat' dir='ltr'><strong>ubique,</strong></span> 
     </span>
     <span class='ocr_line' id='line_1_15' title="bbox 740 2418 3186 2522; baseline 0 -28"><span class='ocrx_word' id='word_1_99' title='bbox 740 2422 1088 2495; x_wconf 91' lang='lat' dir='ltr'><strong>ciuilibus</strong></span> <span class='ocrx_word' id='word_1_100' title='bbox 1140 2422 1363 2495; x_wconf 89' lang='lat' dir='ltr'><strong>rebus</strong></span> <span class='ocrx_word' id='word_1_101' title='bbox 1411 2423 1644 2497; x_wconf 89' lang='lat' dir='ltr'><strong>multo</strong></span> <span class='ocrx_word' id='word_1_102' title='bbox 1703 2423 1938 2522; x_wconf 86' lang='lat' dir='ltr'><strong>magis</strong></span> <span class='ocrx_word' id='word_1_103' title='bbox 1991 2418 2218 2522; x_wconf 87' lang='lat' dir='ltr'><strong>quam</strong></span> <span class='ocrx_word' id='word_1_104' title='bbox 2281 2423 2506 2496; x_wconf 89' lang='lat' dir='ltr'><strong>sacris</strong></span> <span class='ocrx_word' id='word_1_105' title='bbox 2544 2449 2842 2521; x_wconf 86' lang='lat' dir='ltr'><strong>operam</strong></span> <span class='ocrx_word' id='word_1_106' title='bbox 2901 2421 3186 2494; x_wconf 85' lang='lat' dir='ltr'><strong>dedisse</strong></span> 
     </span>
     <span class='ocr_line' id='line_1_16' title="bbox 742 2546 3190 2646; baseline 0 -28"><span class='ocrx_word' id='word_1_107' title='bbox 742 2546 923 2619; x_wconf 91' lang='lat' dir='ltr'><strong>mihi</strong></span> <span class='ocrx_word' id='word_1_108' title='bbox 967 2546 1315 2620; x_wconf 88' lang='lat' dir='ltr'><strong>uidentur</strong></span> <span class='ocrx_word' id='word_1_109' title='bbox 1346 2549 1397 2620; x_wconf 87' lang='lat'><strong>¹.</strong></span> <span class='ocrx_word' id='word_1_110' title='bbox 1444 2548 1661 2632; x_wconf 86' lang='lat' dir='ltr'><strong>Quod</strong></span> <span class='ocrx_word' id='word_1_111' title='bbox 1697 2548 1843 2620; x_wconf 85' lang='lat' dir='ltr'><strong>iam</strong></span> <span class='ocrx_word' id='word_1_112' title='bbox 1874 2546 2023 2620; x_wconf 90' lang='lat' dir='ltr'><strong>dici</strong></span> <span class='ocrx_word' id='word_1_113' title='bbox 2063 2556 2302 2646; x_wconf 82' lang='lat' dir='ltr'><strong>potest</strong></span> <span class='ocrx_word' id='word_1_114' title='bbox 2339 2546 2429 2619; x_wconf 93' lang='lat' dir='ltr'><strong>de</strong></span> <span class='ocrx_word' id='word_1_115' title='bbox 2455 2547 2548 2619; x_wconf 91' lang='lat' dir='ltr'><strong>iis</strong></span> <span class='ocrx_word' id='word_1_116' title='bbox 2586 2548 2714 2646; x_wconf 90' lang='lat' dir='ltr'><strong>qui</strong></span> <span class='ocrx_word' id='word_1_117' title='bbox 2749 2547 2824 2618; x_wconf 92' lang='lat' dir='ltr'><strong>in</strong></span> <span class='ocrx_word' id='word_1_118' title='bbox 2865 2546 3190 2645; x_wconf 87' lang='lat' dir='ltr'><strong>phratria</strong></span> 
     </span>
     <span class='ocr_line' id='line_1_17' title="bbox 741 2669 3188 2769; baseline -0.001 -26"><span class='ocrx_word' id='word_1_119' title='bbox 741 2671 1258 2769; x_wconf 85' lang='lat' dir='ltr'><strong>Labyadarum</strong></span> <span class='ocrx_word' id='word_1_120' title='bbox 1329 2673 1639 2744; x_wconf 83' lang='lat' dir='ltr'><strong>multam</strong></span> <span class='ocrx_word' id='word_1_121' title='bbox 1706 2670 2135 2744; x_wconf 85' lang='lat' dir='ltr'><strong>indicabant</strong></span> <span class='ocrx_word' id='word_1_122' title='bbox 2165 2674 2218 2760; x_wconf 72' lang='lat'><strong>²,</strong></span> <span class='ocrx_word' id='word_1_123' title='bbox 2282 2671 2547 2744; x_wconf 87' lang='lat' dir='ltr'><strong>melius</strong></span> <span class='ocrx_word' id='word_1_124' title='bbox 2609 2672 2829 2744; x_wconf 89' lang='lat' dir='ltr'><strong>etiam</strong></span> <span class='ocrx_word' id='word_1_125' title='bbox 2906 2670 2995 2742; x_wconf 91' lang='lat' dir='ltr'><strong>de</strong></span> <span class='ocrx_word' id='word_1_126' title='bbox 3061 2669 3188 2742; x_wconf 90' lang='lat' dir='ltr'><strong>illo</strong></span> 
     </span>
     <span class='ocr_line' id='line_1_18' title="bbox 742 2794 3188 2896; baseline -0.001 -27"><span class='ocrx_word' id='word_1_127' title='bbox 742 2795 1029 2869; x_wconf 87' lang='lat' dir='ltr'><strong>Callida</strong></span> <span class='ocrx_word' id='word_1_128' title='bbox 1094 2796 1225 2895; x_wconf 89' lang='lat' dir='ltr'><strong>qui</strong></span> <span class='ocrx_word' id='word_1_129' title='bbox 1283 2795 1661 2870; x_wconf 86' lang='lat' dir='ltr'><strong>decretum</strong></span> <span class='ocrx_word' id='word_1_130' title='bbox 1701 2795 2074 2896; x_wconf 90' lang='lat' dir='ltr'><strong>quoddam</strong></span> <span class='ocrx_word' id='word_1_131' title='bbox 2130 2796 2608 2870; x_wconf 89' lang='lat' dir='ltr'><strong>incidendum</strong></span> <span class='ocrx_word' id='word_1_132' title='bbox 2674 2794 2963 2868; x_wconf 85' lang='lat' dir='ltr'><strong>curauit</strong></span> <span class='ocrx_word' id='word_1_133' title='bbox 2991 2798 3046 2866; x_wconf 83' lang='lat'><strong>3.</strong></span> <span class='ocrx_word' id='word_1_134' title='bbox 3104 2795 3188 2866; x_wconf 93' lang='lat' dir='ltr'><strong>In</strong></span> 
     </span>
     <span class='ocr_line' id='line_1_19' title="bbox 743 2919 3188 3020; baseline -0 -28"><span class='ocrx_word' id='word_1_135' title='bbox 743 2922 1160 3018; x_wconf 87' lang='lat' dir='ltr'><strong>fragmento</strong></span> <span class='ocrx_word' id='word_1_136' title='bbox 1221 2921 1442 2995; x_wconf 83' lang='lat' dir='ltr'><strong>edicti</strong></span> <span class='ocrx_word' id='word_1_137' title='bbox 1510 2921 1777 2994; x_wconf 89' lang='lat' dir='ltr'><strong>misere</strong></span> <span class='ocrx_word' id='word_1_138' title='bbox 1864 2922 2106 2994; x_wconf 85' lang='lat' dir='ltr'><strong>trunci</strong></span> <span class='ocrx_word' id='word_1_139' title='bbox 2181 2923 2286 3020; x_wconf 84' lang='lat' dir='ltr'><strong>(n.</strong></span> <span class='ocrx_word' id='word_1_140' title='bbox 2360 2923 2605 3019; x_wconf 74' lang='lat'>1144),</span> <span class='ocrx_word' id='word_1_141' title='bbox 2679 2921 2878 3020; x_wconf 91' lang='lat' dir='ltr'><strong>quod</strong></span> <span class='ocrx_word' id='word_1_142' title='bbox 2950 2919 3039 2992; x_wconf 92' lang='lat' dir='ltr'><strong>de</strong></span> <span class='ocrx_word' id='word_1_143' title='bbox 3112 2947 3188 2991; x_wconf 87' lang='lat' dir='ltr'><strong>re</strong></span> 
     </span>
    </p>
   </div>
   <div class='ocr_carea' id='block_1_5' title="bbox 741 3054 3192 3287">
    <p class='ocr_par' dir='ltr' id='par_1_6' title="bbox 741 3054 3192 3287">
     <span class='ocr_line' id='line_1_20' title="bbox 741 3054 3192 3155; baseline -0.001 -28"><span class='ocrx_word' id='word_1_144' title='bbox 741 3055 1016 3128; x_wconf 89' lang='lat' dir='ltr'><strong>rustica</strong></span> <span class='ocrx_word' id='word_1_145' title='bbox 1075 3055 1401 3154; x_wconf 91' lang='lat' dir='ltr'><strong>positum</strong></span> <span class='ocrx_word' id='word_1_146' title='bbox 1465 3056 1692 3127; x_wconf 89' lang='lat' dir='ltr'><strong>fuisse</strong></span> <span class='ocrx_word' id='word_1_147' title='bbox 1770 3082 1860 3127; x_wconf 86' lang='lat' dir='ltr'><strong>ex</strong></span> <span class='ocrx_word' id='word_1_148' title='bbox 1944 3054 2172 3127; x_wconf 93' lang='lat' dir='ltr'><strong>uerbo</strong></span> <span class='ocrx_word' id='word_1_149' title='bbox 2224 3054 2805 3155; x_wconf 80' lang='grc' dir='ltr'>γεγεωργηκὸτας</span> <span class='ocrx_word' id='word_1_150' title='bbox 2893 3071 3192 3126; x_wconf 89' lang='lat' dir='ltr'><strong>sumen-</strong></span> 
     </span>
     <span class='ocr_line' id='line_1_21' title="bbox 741 3178 3185 3287; baseline 0 -28"><span class='ocrx_word' id='word_1_151' title='bbox 741 3187 919 3260; x_wconf 90' lang='lat' dir='ltr'><strong>dum</strong></span> <span class='ocrx_word' id='word_1_152' title='bbox 977 3201 1108 3278; x_wconf 87' lang='lat' dir='ltr'><strong>est,</strong></span> <span class='ocrx_word' id='word_1_153' title='bbox 1177 3216 1250 3260; x_wconf 77' lang='lat' dir='ltr'><strong>u,</strong></span> <span class='ocrx_word' id='word_1_154' title='bbox 1324 3190 1368 3260; x_wconf 88' lang='lat'><strong>3</strong></span> <span class='ocrx_word' id='word_1_155' title='bbox 1425 3189 1531 3260; x_wconf 92' lang='lat' dir='ltr'><strong>sic</strong></span> <span class='ocrx_word' id='word_1_156' title='bbox 1582 3188 1853 3286; x_wconf 79' lang='lat' dir='ltr'><strong>legitur</strong></span> <span class='ocrx_word' id='word_1_157' title='bbox 1913 3213 1927 3260; x_wconf 92' lang='lat'><strong>:</strong></span> <span class='ocrx_word' id='word_1_158' title='bbox 2112 3213 2233 3261; x_wconf 78' lang='grc' dir='ltr'>ειν.</span> <span class='ocrx_word' id='word_1_159' title='bbox 2266 3180 2351 3259; x_wconf 86' lang='grc' dir='ltr'><strong>Εἰ</strong></span> <span class='ocrx_word' id='word_1_160' title='bbox 2391 3178 2462 3259; x_wconf 83' lang='grc' dir='ltr'><strong>δέ</strong></span> <span class='ocrx_word' id='word_1_161' title='bbox 2501 3214 2605 3271; x_wconf 82' lang='grc' dir='ltr'><strong>τις</strong></span> <span class='ocrx_word' id='word_1_162' title='bbox 2649 3178 3092 3287; x_wconf 80' lang='grc' dir='ltr'>δαμιουργῶν</span> <span class='ocrx_word' id='word_1_163' title='bbox 3139 3190 3185 3283; x_wconf 78' lang='grc' dir='ltr'>ἢ</span> 
     </span>
    </p>
   </div>
   <div class='ocr_carea' id='block_1_6' title="bbox 740 3314 3186 3546">
    <p class='ocr_par' dir='ltr' id='par_1_7' title="bbox 740 3314 3186 3546">
     <span class='ocr_line' id='line_1_22' title="bbox 743 3314 3183 3421; baseline 0 -28"><span class='ocrx_word' id='word_1_164' title='bbox 743 3314 1161 3419; x_wconf 80' lang='grc' dir='ltr'>βουλε[ύων.</span> <span class='ocrx_word' id='word_1_165' title='bbox 1184 3378 1196 3390; x_wconf 94' lang='grc'><strong>.</strong></span> <span class='ocrx_word' id='word_1_166' title='bbox 1220 3377 1268 3391; x_wconf 93' lang='grc'><strong>..</strong></span> <span class='ocrx_word' id='word_1_167' title='bbox 1317 3322 1511 3393; x_wconf 92' lang='lat' dir='ltr'><strong>unde</strong></span> <span class='ocrx_word' id='word_1_168' title='bbox 1550 3322 1909 3421; x_wconf 88' lang='lat' dir='ltr'><strong>suspicari</strong></span> <span class='ocrx_word' id='word_1_169' title='bbox 1937 3322 2106 3394; x_wconf 85' lang='lat' dir='ltr'><strong>licet</strong></span> <span class='ocrx_word' id='word_1_170' title='bbox 2136 3321 2294 3394; x_wconf 90' lang='lat' dir='ltr'><strong>eius</strong></span> <span class='ocrx_word' id='word_1_171' title='bbox 2328 3320 2620 3419; x_wconf 85' lang='lat' dir='ltr'><strong>collegii</strong></span> <span class='ocrx_word' id='word_1_172' title='bbox 2648 3322 3183 3414; x_wconf 88' lang='lat' dir='ltr'><strong>auctoritatem,</strong></span> 
     </span>
     <span class='ocr_line' id='line_1_23' title="bbox 740 3445 3186 3546; baseline 0.001 -30"><span class='ocrx_word' id='word_1_173' title='bbox 740 3446 874 3517; x_wconf 91' lang='lat' dir='ltr'><strong>etsi</strong></span> <span class='ocrx_word' id='word_1_174' title='bbox 948 3472 1248 3544; x_wconf 88' lang='lat' dir='ltr'><strong>perraro</strong></span> <span class='ocrx_word' id='word_1_175' title='bbox 1336 3445 1408 3517; x_wconf 92' lang='lat' dir='ltr'><strong>in</strong></span> <span class='ocrx_word' id='word_1_176' title='bbox 1487 3445 2095 3546; x_wconf 82' lang='lat' dir='ltr'><strong>inscriptionibus</strong></span> <span class='ocrx_word' id='word_1_177' title='bbox 2169 3455 2645 3535; x_wconf 88' lang='lat' dir='ltr'><strong>memoratur,</strong></span> <span class='ocrx_word' id='word_1_178' title='bbox 2716 3472 2863 3518; x_wconf 90' lang='lat' dir='ltr'><strong>non</strong></span> <span class='ocrx_word' id='word_1_179' title='bbox 2939 3457 3186 3519; x_wconf 90' lang='lat' dir='ltr'><strong>tamen</strong></span> 
     </span>
    </p>
   </div>
   <div class='ocr_carea' id='block_1_7' title="bbox 735 3633 3193 4236">
    <p class='ocr_par' dir='ltr' id='par_1_8' title="bbox 735 3633 3193 4236">
     <span class='ocr_line' id='line_1_24' title="bbox 814 3633 3189 3706; baseline 0.001 -22"><span class='ocrx_word' id='word_1_180' title='bbox 814 3635 864 3687; x_wconf 87' lang='lat'><strong>1.</strong></span> <span class='ocrx_word' id='word_1_181' title='bbox 906 3633 993 3686; x_wconf 90' lang='lat' dir='ltr'><strong>Ne</strong></span> <span class='ocrx_word' id='word_1_182' title='bbox 1046 3634 1209 3703; x_wconf 82' lang='lat' dir='ltr'><strong>plura</strong></span> <span class='ocrx_word' id='word_1_183' title='bbox 1258 3633 1469 3700; x_wconf 87' lang='lat' dir='ltr'><strong>dicam,</strong></span> <span class='ocrx_word' id='word_1_184' title='bbox 1528 3634 1738 3686; x_wconf 86' lang='lat' dir='ltr'><strong>titulus</strong></span> <span class='ocrx_word' id='word_1_185' title='bbox 1769 3635 2083 3687; x_wconf 86' lang='lat' dir='ltr'><strong>rhodiacus</strong></span> <span class='ocrx_word' id='word_1_186' title='bbox 2111 3633 2194 3686; x_wconf 89' lang='lat' dir='ltr'><strong>IG</strong></span> <span class='ocrx_word' id='word_1_187' title='bbox 2222 3633 2325 3686; x_wconf 91' lang='lat' dir='ltr'><strong>XII</strong></span> <span class='ocrx_word' id='word_1_188' title='bbox 2373 3636 2422 3700; x_wconf 87' lang='lat'><strong>1,</strong></span> <span class='ocrx_word' id='word_1_189' title='bbox 2464 3635 2566 3686; x_wconf 80' lang='lat'><strong>705</strong></span> <span class='ocrx_word' id='word_1_190' title='bbox 2597 3634 2696 3686; x_wconf 92' lang='lat' dir='ltr'><strong>ubi</strong></span> <span class='ocrx_word' id='word_1_191' title='bbox 2727 3635 3189 3706; x_wconf 73' lang='grc' dir='ltr'>δαμιουργήσαντος</span> 
     </span>
     <span class='ocr_line' id='line_1_25' title="bbox 735 3722 3191 3794; baseline 0.001 -20"><span class='ocrx_word' id='word_1_192' title='bbox 735 3727 796 3774; x_wconf 93' lang='lat' dir='ltr'><strong>et</strong></span> <span class='ocrx_word' id='word_1_193' title='bbox 833 3722 1094 3793; x_wconf 81' lang='grc' dir='ltr'>ἱεροποιῶν</span> <span class='ocrx_word' id='word_1_194' title='bbox 1126 3723 1414 3776; x_wconf 86' lang='lat' dir='ltr'><strong>uocabula</strong></span> <span class='ocrx_word' id='word_1_195' title='bbox 1459 3724 1884 3776; x_wconf 83' lang='lat' dir='ltr'><strong>continuantur</strong></span> <span class='ocrx_word' id='word_1_196' title='bbox 1915 3723 2288 3794; x_wconf 86' lang='lat' dir='ltr'><strong>potissimum</strong></span> <span class='ocrx_word' id='word_1_197' title='bbox 2321 3722 2507 3776; x_wconf 82' lang='lat' dir='ltr'><strong>adfert</strong></span> <span class='ocrx_word' id='word_1_198' title='bbox 2537 3724 2891 3794; x_wconf 79' lang='lat' dir='ltr'><strong>exemplum,</strong></span> <span class='ocrx_word' id='word_1_199' title='bbox 2929 3723 3191 3777; x_wconf 82' lang='lat' dir='ltr'><strong>demiur-</strong></span> 
     </span>
     <span class='ocr_line' id='line_1_26' title="bbox 737 3811 3191 3882; baseline 0.002 -20"><span class='ocrx_word' id='word_1_200' title='bbox 737 3828 877 3881; x_wconf 86' lang='lat' dir='ltr'><strong>gum</strong></span> <span class='ocrx_word' id='word_1_201' title='bbox 906 3827 1010 3880; x_wconf 91' lang='lat' dir='ltr'><strong>per</strong></span> <span class='ocrx_word' id='word_1_202' title='bbox 1046 3828 1111 3864; x_wconf 90' lang='lat' dir='ltr'><strong>se</strong></span> <span class='ocrx_word' id='word_1_203' title='bbox 1141 3813 1336 3882; x_wconf 90' lang='lat' dir='ltr'><strong>ipsum</strong></span> <span class='ocrx_word' id='word_1_204' title='bbox 1368 3811 1736 3865; x_wconf 84' lang='lat' dir='ltr'><strong>sacerdotem</strong></span> <span class='ocrx_word' id='word_1_205' title='bbox 1767 3829 1884 3865; x_wconf 92' lang='lat' dir='ltr'><strong>non</strong></span> <span class='ocrx_word' id='word_1_206' title='bbox 1919 3812 2121 3866; x_wconf 82' lang='lat' dir='ltr'><strong>fuisse.</strong></span> <span class='ocrx_word' id='word_1_207' title='bbox 2156 3811 2219 3864; x_wconf 92' lang='lat' dir='ltr'><strong>Si</strong></span> <span class='ocrx_word' id='word_1_208' title='bbox 2250 3812 2382 3882; x_wconf 89' lang='lat' dir='ltr'><strong>quis</strong></span> <span class='ocrx_word' id='word_1_209' title='bbox 2414 3830 2555 3865; x_wconf 87' lang='lat' dir='ltr'><strong>uero</strong></span> <span class='ocrx_word' id='word_1_210' title='bbox 2585 3829 2658 3864; x_wconf 87' lang='lat' dir='ltr'><strong>ex</strong></span> <span class='ocrx_word' id='word_1_211' title='bbox 2684 3812 2839 3865; x_wconf 88' lang='lat' dir='ltr'><strong>tituli</strong></span> <span class='ocrx_word' id='word_1_212' title='bbox 2870 3811 2953 3866; x_wconf 90' lang='lat' dir='ltr'><strong>IG</strong></span> <span class='ocrx_word' id='word_1_213' title='bbox 3011 3813 3087 3866; x_wconf 93' lang='lat' dir='ltr'><strong>IX</strong></span> <span class='ocrx_word' id='word_1_214' title='bbox 3123 3815 3191 3867; x_wconf 82' lang='lat'><strong>32</strong></span> 
     </span>
     <span class='ocr_line' id='line_1_27' title="bbox 742 3900 3188 3973; baseline 0.002 -22"><span class='ocrx_word' id='word_1_215' title='bbox 742 3918 838 3952; x_wconf 92' lang='lat' dir='ltr'><strong>uu.</strong></span> <span class='ocrx_word' id='word_1_216' title='bbox 882 3900 1043 3953; x_wconf 82' lang='lat'><strong>44-46</strong></span> <span class='ocrx_word' id='word_1_217' title='bbox 1092 3901 1367 3970; x_wconf 84' lang='lat' dir='ltr'><strong>colligere</strong></span> <span class='ocrx_word' id='word_1_218' title='bbox 1430 3900 1555 3953; x_wconf 86' lang='lat' dir='ltr'><strong>uult</strong></span> <span class='ocrx_word' id='word_1_219' title='bbox 1605 3901 1786 3954; x_wconf 87' lang='lat' dir='ltr'><strong>rebus</strong></span> <span class='ocrx_word' id='word_1_220' title='bbox 1841 3902 2026 3953; x_wconf 86' lang='lat' dir='ltr'><strong>sacris</strong></span> <span class='ocrx_word' id='word_1_221' title='bbox 2084 3900 2387 3954; x_wconf 81' lang='lat' dir='ltr'><strong>studuisse</strong></span> <span class='ocrx_word' id='word_1_222' title='bbox 2439 3900 2776 3954; x_wconf 90' lang='lat' dir='ltr'><strong>Medeonios</strong></span> <span class='ocrx_word' id='word_1_223' title='bbox 2825 3902 3188 3973; x_wconf 80' lang='lat' dir='ltr'><strong>demiurgOS,</strong></span> 
     </span>
     <span class='ocr_line' id='line_1_28' title="bbox 741 3989 3191 4061; baseline 0.001 -21"><span class='ocrx_word' id='word_1_224' title='bbox 741 3989 1286 4059; x_wconf 83' lang='lat' dir='ltr'><strong>interpretationem</strong></span> <span class='ocrx_word' id='word_1_225' title='bbox 1317 3990 1461 4041; x_wconf 88' lang='lat' dir='ltr'><strong>mihi</strong></span> <span class='ocrx_word' id='word_1_226' title='bbox 1493 3989 1730 4060; x_wconf 89' lang='lat' dir='ltr'><strong>quidem</strong></span> <span class='ocrx_word' id='word_1_227' title='bbox 1752 4007 1867 4042; x_wconf 90' lang='lat' dir='ltr'><strong>non</strong></span> <span class='ocrx_word' id='word_1_228' title='bbox 1900 3990 2128 4059; x_wconf 85' lang='lat' dir='ltr'><strong>probat.</strong></span> <span class='ocrx_word' id='word_1_229' title='bbox 2161 3989 2285 4042; x_wconf 89' lang='lat' dir='ltr'><strong>Illic</strong></span> <span class='ocrx_word' id='word_1_230' title='bbox 2318 3990 2477 4042; x_wconf 89' lang='lat' dir='ltr'><strong>enim</strong></span> <span class='ocrx_word' id='word_1_231' title='bbox 2507 3989 2752 4043; x_wconf 87' lang='lat' dir='ltr'><strong>uerbum</strong></span> <span class='ocrx_word' id='word_1_232' title='bbox 2783 3989 3191 4061; x_wconf 85' lang='grc' dir='ltr'>δαμιοργεόντων</span> 
     </span>
     <span class='ocr_line' id='line_1_29' title="bbox 745 4074 3193 4151; baseline 0.001 -20"><span class='ocrx_word' id='word_1_233' title='bbox 745 4074 829 4148; x_wconf 82' lang='grc' dir='ltr'><strong>(τὰ</strong></span> <span class='ocrx_word' id='word_1_234' title='bbox 866 4077 994 4149; x_wconf 79' lang='grc' dir='ltr'>ἱερά)</span> <span class='ocrx_word' id='word_1_235' title='bbox 1024 4077 1085 4130; x_wconf 92' lang='lat' dir='ltr'><strong>in</strong></span> <span class='ocrx_word' id='word_1_236' title='bbox 1114 4078 1458 4131; x_wconf 88' lang='lat' dir='ltr'><strong>uniuersum</strong></span> <span class='ocrx_word' id='word_1_237' title='bbox 1489 4077 1604 4131; x_wconf 89' lang='lat' dir='ltr'><strong>dici</strong></span> <span class='ocrx_word' id='word_1_238' title='bbox 1635 4079 1823 4148; x_wconf 89' lang='lat' dir='ltr'><strong>liquet</strong></span> <span class='ocrx_word' id='word_1_239' title='bbox 1858 4095 2047 4149; x_wconf 91' lang='lat' dir='ltr'><strong>neque</strong></span> <span class='ocrx_word' id='word_1_240' title='bbox 2078 4078 2149 4131; x_wconf 85' lang='lat' dir='ltr'><strong>ad</strong></span> <span class='ocrx_word' id='word_1_241' title='bbox 2182 4079 2594 4149; x_wconf 87' lang='lat' dir='ltr'><strong>magistratum</strong></span> <span class='ocrx_word' id='word_1_242' title='bbox 2624 4078 2881 4132; x_wconf 89' lang='lat' dir='ltr'><strong>dilucide</strong></span> <span class='ocrx_word' id='word_1_243' title='bbox 2912 4078 3193 4151; x_wconf 84' lang='lat' dir='ltr'><strong>designa-</strong></span> 
     </span>
     <span class='ocr_line' id='line_1_30' title="bbox 744 4167 3068 4236; baseline 0.002 -17"><span class='ocrx_word' id='word_1_244' title='bbox 744 4172 867 4219; x_wconf 87' lang='lat' dir='ltr'><strong>tum</strong></span> <span class='ocrx_word' id='word_1_245' title='bbox 894 4167 1211 4236; x_wconf 76' lang='lat' dir='ltr'><strong>pertinere.</strong></span> <span class='ocrx_word' id='word_1_246' title='bbox 3063 4167 3068 4170; x_wconf 70' lang='grc'><strong>’</strong></span> 
     </span>
    </p>
   </div>
   <div class='ocr_carea' id='block_1_8' title="bbox 737 4264 3193 4424">
    <p class='ocr_par' dir='ltr' id='par_1_9' title="bbox 737 4264 3193 4424">
     <span class='ocr_line' id='line_1_31' title="bbox 812 4264 3193 4339; baseline 0.001 -23"><span class='ocrx_word' id='word_1_247' title='bbox 812 4265 865 4318; x_wconf 79' lang='grc'><strong>2.</strong></span> <span class='ocrx_word' id='word_1_248' title='bbox 907 4264 1064 4317; x_wconf 90' lang='lat' dir='ltr'><strong>BCH</strong></span> <span class='ocrx_word' id='word_1_249' title='bbox 1095 4265 1220 4317; x_wconf 90' lang='lat' dir='ltr'><strong>XIX</strong></span> <span class='ocrx_word' id='word_1_250' title='bbox 1243 4283 1299 4335; x_wconf 86' lang='lat' dir='ltr'><strong>p.</strong></span> <span class='ocrx_word' id='word_1_251' title='bbox 1330 4267 1396 4317; x_wconf 75' lang='lat'><strong>12</strong></span> <span class='ocrx_word' id='word_1_252' title='bbox 1427 4283 1485 4320; x_wconf 75' lang='lat' dir='ltr'><strong>u,</strong></span> <span class='ocrx_word' id='word_1_253' title='bbox 1516 4266 1581 4318; x_wconf 87' lang='grc'><strong>19</strong></span> <span class='ocrx_word' id='word_1_254' title='bbox 1610 4264 1699 4319; x_wconf 71' lang='lat' dir='ltr'><strong>:ai</strong></span> <span class='ocrx_word' id='word_1_255' title='bbox 1723 4266 1778 4317; x_wconf 82' lang='grc' dir='ltr'><strong>δέ</strong></span> <span class='ocrx_word' id='word_1_256' title='bbox 1806 4285 1854 4318; x_wconf 85' lang='grc' dir='ltr'><strong>τι</strong></span> <span class='ocrx_word' id='word_1_257' title='bbox 1874 4266 2063 4318; x_wconf 76' lang='grc' dir='ltr'>τούτων</span> <span class='ocrx_word' id='word_1_258' title='bbox 2099 4264 2469 4337; x_wconf 81' lang='grc' dir='ltr'>παρβάλλοιτο,</span> <span class='ocrx_word' id='word_1_259' title='bbox 2501 4264 2759 4319; x_wconf 84' lang='grc' dir='ltr'><strong>θωεόντων</strong></span> <span class='ocrx_word' id='word_1_260' title='bbox 2785 4267 2867 4319; x_wconf 88' lang='grc' dir='ltr'><strong>τσί</strong></span> <span class='ocrx_word' id='word_1_261' title='bbox 2892 4285 2945 4320; x_wconf 86' lang='grc' dir='ltr'><strong>τε</strong></span> <span class='ocrx_word' id='word_1_262' title='bbox 2971 4268 3193 4339; x_wconf 77' lang='grc' dir='ltr'>δαμιορ-</span> 
     </span>
     <span class='ocr_line' id='line_1_32' title="bbox 737 4351 1429 4424; baseline 0.006 -20"><span class='ocrx_word' id='word_1_263' title='bbox 737 4353 818 4424; x_wconf 80' lang='grc' dir='ltr'><strong>γοὶ</strong></span> <span class='ocrx_word' id='word_1_264' title='bbox 839 4353 922 4406; x_wconf 85' lang='grc' dir='ltr'><strong>καὶ</strong></span> <span class='ocrx_word' id='word_1_265' title='bbox 946 4353 1024 4406; x_wconf 88' lang='grc' dir='ltr'><strong>τοὶ</strong></span> <span class='ocrx_word' id='word_1_266' title='bbox 1045 4351 1194 4406; x_wconf 76' lang='grc' dir='ltr'>ἄλλοι</span> <span class='ocrx_word' id='word_1_267' title='bbox 1229 4352 1429 4416; x_wconf 79' lang='grc' dir='ltr'>πάντες.</span> 
     </span>
    </p>
   </div>
   <div class='ocr_carea' id='block_1_9' title="bbox 815 4449 1657 4526">
    <p class='ocr_par' dir='ltr' id='par_1_10' title="bbox 815 4449 1657 4526">
     <span class='ocr_line' id='line_1_33' title="bbox 815 4449 1657 4526; baseline 0.002 -22"><span class='ocrx_word' id='word_1_268' title='bbox 815 4453 865 4506; x_wconf 88' lang='lat'><strong>3.</strong></span> <span class='ocrx_word' id='word_1_269' title='bbox 902 4450 1059 4504; x_wconf 83' lang='lat' dir='ltr'><strong>BCH</strong></span> <span class='ocrx_word' id='word_1_270' title='bbox 1081 4449 1262 4502; x_wconf 84' lang='lat' dir='ltr'><strong>xvm</strong></span> <span class='ocrx_word' id='word_1_271' title='bbox 1295 4468 1351 4526; x_wconf 84' lang='lat' dir='ltr'><strong>p.</strong></span> <span class='ocrx_word' id='word_1_272' title='bbox 1383 4454 1448 4503; x_wconf 87' lang='lat'><strong>77</strong></span> <span class='ocrx_word' id='word_1_273' title='bbox 1483 4469 1538 4506; x_wconf 79' lang='lat' dir='ltr'><strong>u.</strong></span> <span class='ocrx_word' id='word_1_274' title='bbox 1570 4453 1657 4506; x_wconf 86' lang='lat'><strong>10.</strong></span> 
     </span>
    </p>
   </div>
   <div class='ocr_carea' id='block_1_10' title="bbox 3634 540 3637 1273">
    <p class='ocr_par' dir='ltr' id='par_1_11' title="bbox 3634 540 3637 1273">
     <span class='ocr_line' id='line_1_34' title="bbox 3634 540 3637 1273; baseline 0 0"><span class='ocrx_word' id='word_1_275' title='bbox 3634 540 3637 1273; x_wconf 95' lang='lat' dir='ltr'><strong> </strong></span> 
     </span>
    </p>
   </div>
  </div>
 </body>
</html>
