<?xml version="1.0" encoding="UTF-8"?>
<!DOCTYPE html PUBLIC "-//W3C//DTD XHTML 1.0 Transitional//EN"
    "http://www.w3.org/TR/xhtml1/DTD/xhtml1-transitional.dtd">
<html xmlns="http://www.w3.org/1999/xhtml" xml:lang="en" lang="en">
 <head>
  <title>
</title>
<meta http-equiv="Content-Type" content="text/html;charset=utf-8" />
  <meta name='ocr-system' content='tesseract 3.04.00' />
  <meta name='ocr-capabilities' content='ocr_page ocr_carea ocr_par ocr_line ocrx_word'/>
</head>
<body>
  <div class='ocr_page' id='page_1' title='image "./derebusdelphici01bourgoog_0049.png"; bbox 0 0 3692 5643; ppageno 0'>
   <div class='ocr_carea' id='block_1_1' title="bbox 1532 630 2998 702">
    <p class='ocr_par' dir='ltr' id='par_1_1' title="bbox 1532 630 2998 702">
     <span class='ocr_line' id='line_1_1' title="bbox 1532 630 2998 702; baseline -0.001 0"><span class='ocrx_word' id='word_1_1' title='bbox 1532 657 1622 702; x_wconf 83' lang='lat' dir='ltr'>DE</span> <span class='ocrx_word' id='word_1_2' title='bbox 1674 656 2059 702; x_wconf 81' lang='lat' dir='ltr'>DEMVIRGIS</span> <span class='ocrx_word' id='word_1_3' title='bbox 2910 630 2998 701; x_wconf 79' lang='lat'>41</span> 
     </span>
    </p>
   </div>
   <div class='ocr_carea' id='block_1_2' title="bbox 554 800 3009 1779">
    <p class='ocr_par' dir='ltr' id='par_1_2' title="bbox 554 800 3009 1779">
     <span class='ocr_line' id='line_1_2' title="bbox 556 800 3006 909; baseline -0.001 -27"><span class='ocrx_word' id='word_1_4' title='bbox 556 812 737 898; x_wconf 53' lang='lat' dir='ltr'>lum}</span> <span class='ocrx_word' id='word_1_5' title='bbox 784 800 1010 901; x_wconf 49' lang='lat' dir='ltr'>&#39;silent</span> <span class='ocrx_word' id='word_1_6' title='bbox 1047 809 1328 909; x_wconf 91' lang='lat' dir='ltr'>lapides</span> <span class='ocrx_word' id='word_1_7' title='bbox 1373 832 1389 880; x_wconf 75' lang='grc' dir='ltr'>ε</span> <span class='ocrx_word' id='word_1_8' title='bbox 1443 809 2006 905; x_wconf 78' lang='lat' dir='ltr'>magistratuum</span> <span class='ocrx_word' id='word_1_9' title='bbox 2054 833 2227 879; x_wconf 91' lang='lat' dir='ltr'>sane</span> <span class='ocrx_word' id='word_1_10' title='bbox 2284 807 2589 880; x_wconf 91' lang='lat' dir='ltr'>nomina</span> <span class='ocrx_word' id='word_1_11' title='bbox 2641 834 3006 906; x_wconf 80' lang='lat' dir='ltr'>nusquam</span> 
     </span>
     <span class='ocr_line' id='line_1_3' title="bbox 554 922 3009 1032; baseline -0.001 -25"><span class='ocrx_word' id='word_1_12' title='bbox 554 934 1004 1022; x_wconf 86' lang='lat' dir='ltr'>inuenimus,</span> <span class='ocrx_word' id='word_1_13' title='bbox 1041 922 1114 1005; x_wconf 85' lang='lat' dir='ltr'>et</span> <span class='ocrx_word' id='word_1_14' title='bbox 1141 933 1269 1006; x_wconf 86' lang='lat' dir='ltr'>uix</span> <span class='ocrx_word' id='word_1_15' title='bbox 1303 933 1706 1032; x_wconf 84' lang='lat' dir='ltr'>quidquam</span> <span class='ocrx_word' id='word_1_16' title='bbox 1738 933 1827 1005; x_wconf 91' lang='lat' dir='ltr'>de</span> <span class='ocrx_word' id='word_1_17' title='bbox 1856 932 2167 1031; x_wconf 84' lang='lat' dir='ltr'><strong>Delphis</strong></span> <span class='ocrx_word' id='word_1_18' title='bbox 2189 938 2576 1004; x_wconf 88' lang='lat' dir='ltr'>nossemus</span> <span class='ocrx_word' id='word_1_19' title='bbox 2604 931 2747 1005; x_wconf 85' lang='lat' dir='ltr'>nisi</span> <span class='ocrx_word' id='word_1_20' title='bbox 2776 932 3009 1032; x_wconf 89' lang='lat' dir='ltr'>impe-</span> 
     </span>
     <span class='ocr_line' id='line_1_4' title="bbox 554 1056 3001 1156; baseline -0.001 -24"><span class='ocrx_word' id='word_1_21' title='bbox 554 1059 994 1132; x_wconf 74' lang='lat' dir='ltr'>ratoriaru&#39;m</span> <span class='ocrx_word' id='word_1_22' title='bbox 1049 1059 1530 1156; x_wconf 79' lang='lat' dir='ltr'><strong>epistularum</strong></span> <span class='ocrx_word' id='word_1_23' title='bbox 1589 1059 1999 1156; x_wconf 87' lang='lat' dir='ltr'>fragmenta</span> <span class='ocrx_word' id='word_1_24' title='bbox 2055 1056 2351 1154; x_wconf 81' lang='lat' dir='ltr'>aliquot·</span> <span class='ocrx_word' id='word_1_25' title='bbox 2392 1067 2680 1129; x_wconf 85' lang='lat' dir='ltr'>seruata</span> <span class='ocrx_word' id='word_1_26' title='bbox 2731 1067 3001 1130; x_wconf 88' lang='lat' dir='ltr'>essent.</span> 
     </span>
     <span class='ocr_line' id='line_1_5' title="bbox 554 1180 3008 1280; baseline -0.001 -24"><span class='ocrx_word' id='word_1_27' title='bbox 554 1183 699 1256; x_wconf 86' lang='lat' dir='ltr'>Sed</span> <span class='ocrx_word' id='word_1_28' title='bbox 738 1184 925 1256; x_wconf 89' lang='lat' dir='ltr'>forte</span> <span class='ocrx_word' id='word_1_29' title='bbox 959 1183 1217 1255; x_wconf 90' lang='lat' dir='ltr'>titulus</span> <span class='ocrx_word' id='word_1_30' title='bbox 1256 1192 1455 1254; x_wconf 84' lang='lat' dir='ltr'>extat</span> <span class='ocrx_word' id='word_1_31' title='bbox 1491 1182 1566 1252; x_wconf 91' lang='lat' dir='ltr'>in</span> <span class='ocrx_word' id='word_1_32' title='bbox 1600 1181 1858 1280; x_wconf 91' lang='lat' dir='ltr'>primis</span> <span class='ocrx_word' id='word_1_33' title='bbox 1892 1181 2135 1280; x_wconf 88' lang='lat' dir='ltr'>quarti</span> <span class='ocrx_word' id='word_1_34' title='bbox 2174 1180 2446 1253; x_wconf 83' lang='lat' dir='ltr'>saeculi</span> <span class='ocrx_word' id='word_1_35' title='bbox 2484 1180 2697 1253; x_wconf 90' lang='lat' dir='ltr'>annis</span> <span class='ocrx_word' id='word_1_36' title='bbox 2731 1182 3008 1254; x_wconf 85' lang='lat' dir='ltr'>incisus</span> 
     </span>
     <span class='ocr_line' id='line_1_6' title="bbox 555 1293 3006 1407; baseline -0 -28"><span class='ocrx_word' id='word_1_37' title='bbox 555 1308 645 1379; x_wconf 92' lang='lat' dir='ltr'>de</span> <span class='ocrx_word' id='word_1_38' title='bbox 699 1334 846 1407; x_wconf 90' lang='lat' dir='ltr'>quo</span> <span class='ocrx_word' id='word_1_39' title='bbox 903 1308 1094 1379; x_wconf 90' lang='lat' dir='ltr'>infra</span> <span class='ocrx_word' id='word_1_40' title='bbox 1137 1316 1438 1402; x_wconf 85' lang='lat' dir='ltr'>agetur;</span> <span class='ocrx_word' id='word_1_41' title='bbox 1511 1307 1757 1378; x_wconf 81' lang='lat' dir='ltr'>statim</span> <span class='ocrx_word' id='word_1_42' title='bbox 1802 1332 1981 1379; x_wconf 86' lang='lat' dir='ltr'>uero</span> <span class='ocrx_word' id='word_1_43' title='bbox 2030 1305 2509 1378; x_wconf 85' lang='lat' dir='ltr'>indicandum</span> <span class='ocrx_word' id='word_1_44' title='bbox 2557 1316 2668 1378; x_wconf 83' lang='lat' dir='ltr'>est</span> <span class='ocrx_word' id='word_1_45' title='bbox 2703 1293 3006 1405; x_wconf 39' lang='lat' dir='ltr'>&#39;quando</span> 
     </span>
     <span class='ocr_line' id='line_1_7' title="bbox 556 1429 3001 1530; baseline -0.001 -26"><span class='ocrx_word' id='word_1_46' title='bbox 556 1432 871 1530; x_wconf 85' lang='lat' dir='ltr'>scriptus</span> <span class='ocrx_word' id='word_1_47' title='bbox 910 1431 1004 1504; x_wconf 93' lang='lat' dir='ltr'>sit</span> <span class='ocrx_word' id='word_1_48' title='bbox 1045 1455 1060 1503; x_wconf 90' lang='lat'><strong>:</strong></span> <span class='ocrx_word' id='word_1_49' title='bbox 1109 1429 1343 1530; x_wconf 89' lang='lat' dir='ltr'><strong>impp.</strong></span> <span class='ocrx_word' id='word_1_50' title='bbox 1389 1430 1879 1511; x_wconf 84' lang='lat' dir='ltr'>Constantino</span> <span class='ocrx_word' id='word_1_51' title='bbox 1929 1441 2002 1503; x_wconf 89' lang='lat' dir='ltr'>et</span> <span class='ocrx_word' id='word_1_52' title='bbox 2055 1429 2439 1522; x_wconf 84' lang='lat' dir='ltr'>Liciniano</span> <span class='ocrx_word' id='word_1_53' title='bbox 2484 1430 2771 1502; x_wconf 85' lang='lat' dir='ltr'>Licinio</span> <span class='ocrx_word' id='word_1_54' title='bbox 2810 1444 3001 1505; x_wconf 72' lang='lat' dir='ltr'>coss,</span> 
     </span>
     <span class='ocr_line' id='line_1_8' title="bbox 561 1553 3007 1655; baseline -0.001 -25"><span class='ocrx_word' id='word_1_55' title='bbox 561 1556 997 1655; x_wconf 72' lang='lat' dir='ltr'>(quartum),</span> <span class='ocrx_word' id='word_1_56' title='bbox 1057 1582 1121 1628; x_wconf 91' lang='lat' dir='ltr'>a.</span> <span class='ocrx_word' id='word_1_57' title='bbox 1181 1556 1323 1626; x_wconf 83' lang='lat'>315</span> <span class='ocrx_word' id='word_1_58' title='bbox 1368 1554 1672 1643; x_wconf 81' lang='lat' dir='ltr'>seilicet,</span> <span class='ocrx_word' id='word_1_59' title='bbox 1720 1553 2088 1626; x_wconf 91' lang='lat' dir='ltr'>Babbium</span> <span class='ocrx_word' id='word_1_60' title='bbox 2121 1553 2545 1627; x_wconf 66' lang='lat' dir='ltr'>‘Aurelium</span> <span class='ocrx_word' id='word_1_61' title='bbox 2601 1555 3007 1652; x_wconf 86' lang='lat' dir='ltr'>Philis[tio-</span> 
     </span>
     <span class='ocr_line' id='line_1_9' title="bbox 558 1678 2251 1779; baseline -0.001 -26"><span class='ocrx_word' id='word_1_62' title='bbox 558 1681 756 1777; x_wconf 83' lang='lat' dir='ltr'>nem]</span> <span class='ocrx_word' id='word_1_63' title='bbox 796 1679 1104 1779; x_wconf 83' lang='lat' dir='ltr'><strong>Delphis</strong></span> <span class='ocrx_word' id='word_1_64' title='bbox 1143 1680 1569 1751; x_wconf 83' lang='lat' dir='ltr'>archontem</span> <span class='ocrx_word' id='word_1_65' title='bbox 1604 1679 1829 1750; x_wconf 87' lang='lat' dir='ltr'>fuisse</span> <span class='ocrx_word' id='word_1_66' title='bbox 1870 1678 2251 1751; x_wconf 87' lang='lat' dir='ltr'>doeemur.</span> 
     </span>
    </p>
   </div>
   <div class='ocr_carea' id='block_1_3' title="bbox 1352 2018 2203 2091">
    <p class='ocr_par' dir='ltr' id='par_1_3' title="bbox 1352 2018 2203 2091">
     <span class='ocr_line' id='line_1_10' title="bbox 1352 2018 2203 2091; baseline 0.002 -2"><span class='ocrx_word' id='word_1_67' title='bbox 1352 2018 1491 2090; x_wconf 92' lang='grc' dir='ltr'><strong>ΙΙΙ.</strong></span> <span class='ocrx_word' id='word_1_68' title='bbox 1529 2062 1629 2073; x_wconf 88' lang='grc'><strong>-</strong></span> <span class='ocrx_word' id='word_1_69' title='bbox 1675 2044 1765 2091; x_wconf 84' lang='lat' dir='ltr'>DE</span> <span class='ocrx_word' id='word_1_70' title='bbox 1815 2043 2203 2091; x_wconf 72' lang='lat' dir='ltr'>Dssmlvnels</span> 
     </span>
    </p>
   </div>
   <div class='ocr_carea' id='block_1_4' title="bbox 550 2241 3009 3107">
    <p class='ocr_par' dir='ltr' id='par_1_4' title="bbox 550 2241 3009 3107">
     <span class='ocr_line' id='line_1_11' title="bbox 564 2241 3006 2357; baseline 0 -28"><span class='ocrx_word' id='word_1_71' title='bbox 564 2241 571 2245; x_wconf 34' lang='lat'><strong>⁴</strong></span> <span class='ocrx_word' id='word_1_72' title='bbox 650 2260 757 2330; x_wconf 87' lang='lat' dir='ltr'>Ex</span> <span class='ocrx_word' id='word_1_73' title='bbox 798 2257 1147 2330; x_wconf 89' lang='lat' dir='ltr'>omnibus</span> <span class='ocrx_word' id='word_1_74' title='bbox 1173 2285 1360 2356; x_wconf 91' lang='lat' dir='ltr'>quae</span> <span class='ocrx_word' id='word_1_75' title='bbox 1396 2258 1752 2331; x_wconf 85' lang='lat' dir='ltr'>haetenus</span> <span class='ocrx_word' id='word_1_76' title='bbox 1789 2258 1971 2347; x_wconf 85' lang='lat' dir='ltr'>dixi,</span> <span class='ocrx_word' id='word_1_77' title='bbox 2010 2257 2461 2357; x_wconf 85' lang='lat' dir='ltr'>reipublicae</span> <span class='ocrx_word' id='word_1_78' title='bbox 2501 2269 2770 2331; x_wconf 86' lang='lat' dir='ltr'>statum</span> <span class='ocrx_word' id='word_1_79' title='bbox 2806 2259 3006 2357; x_wconf 90' lang='lat' dir='ltr'>quod</span> 
     </span>
     <span class='ocr_line' id='line_1_12' title="bbox 552 2383 3005 2482; baseline 0 -27"><span class='ocrx_word' id='word_1_80' title='bbox 552 2383 642 2455; x_wconf 91' lang='lat' dir='ltr'>ad</span> <span class='ocrx_word' id='word_1_81' title='bbox 680 2384 994 2455; x_wconf 90' lang='lat' dir='ltr'>formam</span> <span class='ocrx_word' id='word_1_82' title='bbox 1032 2393 1229 2455; x_wconf 83' lang='lat' dir='ltr'>certe</span> <span class='ocrx_word' id='word_1_83' title='bbox 1274 2393 1346 2455; x_wconf 97' lang='lat' dir='ltr'>et</span> <span class='ocrx_word' id='word_1_84' title='bbox 1379 2383 1703 2482; x_wconf 86' lang='lat' dir='ltr'>speeiem</span> <span class='ocrx_word' id='word_1_85' title='bbox 1748 2383 2004 2455; x_wconf 80' lang='lat' dir='ltr'>attinet</span> <span class='ocrx_word' id='word_1_86' title='bbox 2052 2409 2198 2455; x_wconf 94' lang='lat' dir='ltr'>non</span> <span class='ocrx_word' id='word_1_87' title='bbox 2243 2383 2557 2456; x_wconf 92' lang='lat' dir='ltr'>multum</span> <span class='ocrx_word' id='word_1_88' title='bbox 2599 2395 3005 2456; x_wconf 83' lang='lat' dir='ltr'>eommuta-</span> 
     </span>
     <span class='ocr_line' id='line_1_13' title="bbox 550 2507 3003 2607; baseline 0 -28"><span class='ocrx_word' id='word_1_89' title='bbox 550 2518 708 2580; x_wconf 89' lang='lat' dir='ltr'>tum</span> <span class='ocrx_word' id='word_1_90' title='bbox 775 2533 933 2579; x_wconf 91' lang='lat' dir='ltr'>esse</span> <span class='ocrx_word' id='word_1_91' title='bbox 996 2517 1324 2606; x_wconf 88' lang='lat' dir='ltr'>apparet.</span> <span class='ocrx_word' id='word_1_92' title='bbox 1410 2507 1802 2580; x_wconf 82' lang='lat' dir='ltr'>Libertatis</span> <span class='ocrx_word' id='word_1_93' title='bbox 1885 2508 2084 2579; x_wconf 91' lang='lat' dir='ltr'>enim</span> <span class='ocrx_word' id='word_1_94' title='bbox 2168 2530 2443 2579; x_wconf 87' lang='lat' dir='ltr'>nomen</span> <span class='ocrx_word' id='word_1_95' title='bbox 2523 2507 2833 2607; x_wconf 85' lang='lat' dir='ltr'><strong>Delphis</strong></span> <span class='ocrx_word' id='word_1_96' title='bbox 2911 2507 3003 2580; x_wconf 94' lang='lat' dir='ltr'>ab</span> 
     </span>
     <span class='ocr_line' id='line_1_14' title="bbox 552 2621 3009 2732; baseline 0.001 -29"><span class='ocrx_word' id='word_1_97' title='bbox 552 2630 899 2704; x_wconf 92' lang='lat' dir='ltr'>omnibus</span> <span class='ocrx_word' id='word_1_98' title='bbox 960 2633 1112 2704; x_wconf 90' lang='lat' dir='ltr'>fere</span> <span class='ocrx_word' id='word_1_99' title='bbox 1159 2631 1728 2732; x_wconf 83' lang='lat' dir='ltr'>imperatoribus</span> <span class='ocrx_word' id='word_1_100' title='bbox 1780 2632 1992 2730; x_wconf 90' lang='lat' dir='ltr'>quasi</span> <span class='ocrx_word' id='word_1_101' title='bbox 2050 2658 2198 2703; x_wconf 92' lang='lat' dir='ltr'>uno</span> <span class='ocrx_word' id='word_1_102' title='bbox 2250 2621 2502 2718; x_wconf 79' lang='lat' dir='ltr'>tenore</span> <span class='ocrx_word' id='word_1_103' title='bbox 2543 2642 3009 2705; x_wconf 88' lang='lat' dir='ltr'>asseueratur</span> 
     </span>
     <span class='ocr_line' id='line_1_15' title="bbox 551 2736 3003 2855; baseline 0.001 -26"><span class='ocrx_word' id='word_1_104' title='bbox 551 2767 767 2855; x_wconf 87' lang='lat' dir='ltr'>atque</span> <span class='ocrx_word' id='word_1_105' title='bbox 807 2755 1081 2829; x_wconf 87' lang='lat' dir='ltr'>liberae</span> <span class='ocrx_word' id='word_1_106' title='bbox 1117 2756 1440 2830; x_wconf 85' lang='lat' dir='ltr'>ciuitatis</span> <span class='ocrx_word' id='word_1_107' title='bbox 1484 2743 1815 2830; x_wconf 82' lang='lat' dir='ltr'>instituta</span> <span class='ocrx_word' id='word_1_108' title='bbox 1857 2736 2435 2849; x_wconf 79' lang='lat' dir='ltr'>uidenturesse,</span> <span class='ocrx_word' id='word_1_109' title='bbox 2469 2757 2608 2830; x_wconf 91' lang='lat' dir='ltr'>etsi</span> <span class='ocrx_word' id='word_1_110' title='bbox 2658 2756 3003 2833; x_wconf 88' lang='lat' dir='ltr'>insolenti</span> 
     </span>
     <span class='ocr_line' id='line_1_16' title="bbox 552 2879 3006 2981; baseline 0.001 -29"><span class='ocrx_word' id='word_1_111' title='bbox 552 2879 858 2953; x_wconf 88' lang='lat' dir='ltr'>libidine</span> <span class='ocrx_word' id='word_1_112' title='bbox 889 2881 1266 2954; x_wconf 86' lang='lat' dir='ltr'>archontis</span> <span class='ocrx_word' id='word_1_113' title='bbox 1305 2882 1666 2954; x_wconf 91' lang='lat' dir='ltr'>memoria</span> <span class='ocrx_word' id='word_1_114' title='bbox 1687 2881 1803 2954; x_wconf 90' lang='lat' dir='ltr'>bis</span> <span class='ocrx_word' id='word_1_115' title='bbox 1842 2884 2347 2981; x_wconf 87' lang='lat' dir='ltr'>estnegleota.</span> <span class='ocrx_word' id='word_1_116' title='bbox 2387 2882 2673 2981; x_wconf 88' lang='lat' dir='ltr'>Nempe</span> <span class='ocrx_word' id='word_1_117' title='bbox 2712 2881 3006 2955; x_wconf 86' lang='lat' dir='ltr'>decreta</span> 
     </span>
     <span class='ocr_line' id='line_1_17' title="bbox 553 2995 3003 3107; baseline 0.002 -31"><span class='ocrx_word' id='word_1_118' title='bbox 553 3016 633 3076; x_wconf 93' lang='lat' dir='ltr'>ut</span> <span class='ocrx_word' id='word_1_119' title='bbox 720 2995 1230 3104; x_wconf 85' lang='lat' dir='ltr'>superioribus</span> <span class='ocrx_word' id='word_1_120' title='bbox 1318 3006 1778 3104; x_wconf 87' lang='lat' dir='ltr'>temporibus</span> <span class='ocrx_word' id='word_1_121' title='bbox 1851 3007 2191 3078; x_wconf 87' lang='lat' dir='ltr'>feruntur</span> <span class='ocrx_word' id='word_1_122' title='bbox 2253 3033 2296 3080; x_wconf 91' lang='lat' dir='ltr'>a</span> <span class='ocrx_word' id='word_1_123' title='bbox 2376 3007 2679 3107; x_wconf 87' lang='lat' dir='ltr'>popu10‚</span> <span class='ocrx_word' id='word_1_124' title='bbox 2771 3005 3003 3080; x_wconf 88' lang='lat' dir='ltr'>uerbo</span> 
     </span>
    </p>
   </div>
   <div class='ocr_carea' id='block_1_5' title="bbox 548 3130 3005 3753">
    <p class='ocr_par' dir='ltr' id='par_1_5' title="bbox 548 3130 3005 3753">
     <span class='ocr_line' id='line_1_18' title="bbox 554 3130 2998 3238; baseline 0.002 -31"><span class='ocrx_word' id='word_1_125' title='bbox 554 3130 810 3238; x_wconf 78' lang='grc' dir='ltr'><strong>Δελφοί</strong></span> <span class='ocrx_word' id='word_1_126' title='bbox 872 3149 1160 3212; x_wconf 86' lang='lat' dir='ltr'>tantum</span> <span class='ocrx_word' id='word_1_127' title='bbox 1223 3138 1466 3237; x_wconf 80' lang='lat' dir='ltr'>posito</span> <span class='ocrx_word' id='word_1_128' title='bbox 1547 3165 1680 3238; x_wconf 92' lang='lat' dir='ltr'>pro</span> <span class='ocrx_word' id='word_1_129' title='bbox 1756 3140 1896 3238; x_wconf 25' lang='lat' dir='ltr'>illo·</span> <span class='ocrx_word' id='word_1_130' title='bbox 1947 3140 2290 3212; x_wconf 89' lang='lat' dir='ltr'>sollemni</span> <span class='ocrx_word' id='word_1_131' title='bbox 2357 3131 2578 3234; x_wconf 79' lang='grc' dir='ltr'>ἔδοξεν</span> <span class='ocrx_word' id='word_1_132' title='bbox 2608 3149 2725 3213; x_wconf 83' lang='grc' dir='ltr'>τᾶι</span> <span class='ocrx_word' id='word_1_133' title='bbox 2766 3139 2998 3225; x_wconf 76' lang='grc' dir='ltr'><strong>πόλει,</strong></span> 
     </span>
     <span class='ocr_line' id='line_1_19' title="bbox 550 3260 3005 3363; baseline 0.002 -29"><span class='ocrx_word' id='word_1_134' title='bbox 550 3272 623 3334; x_wconf 84' lang='lat' dir='ltr'>et</span> <span class='ocrx_word' id='word_1_135' title='bbox 692 3261 1164 3335; x_wconf 81' lang='lat' dir='ltr'>buleutarum</span> <span class='ocrx_word' id='word_1_136' title='bbox 1232 3263 1536 3337; x_wconf 86' lang='lat' dir='ltr'>nomina</span> <span class='ocrx_word' id='word_1_137' title='bbox 1606 3264 2036 3363; x_wconf 89' lang='lat' dir='ltr'>frequenter</span> <span class='ocrx_word' id='word_1_138' title='bbox 2073 3265 2294 3336; x_wconf 82' lang='lat' dir='ltr'>etiam</span> <span class='ocrx_word' id='word_1_139' title='bbox 2369 3260 2569 3337; x_wconf 85' lang='lat' dir='ltr'>nune</span> <span class='ocrx_word' id='word_1_140' title='bbox 2642 3275 3005 3338; x_wconf 85' lang='lat' dir='ltr'>testantur</span> 
     </span>
     <span class='ocr_line' id='line_1_20' title="bbox 549 3391 3002 3497; baseline 0.002 -30"><span class='ocrx_word' id='word_1_141' title='bbox 549 3391 1056 3494; x_wconf 82' lang='grc' dir='ltr'>προβούλευμα</span> <span class='ocrx_word' id='word_1_142' title='bbox 1106 3396 1183 3467; x_wconf 92' lang='lat' dir='ltr'>in</span> <span class='ocrx_word' id='word_1_143' title='bbox 1232 3397 1544 3468; x_wconf 86' lang='lat' dir='ltr'>consilio</span> <span class='ocrx_word' id='word_1_144' title='bbox 1596 3397 1940 3495; x_wconf 84' lang='lat' dir='ltr'>delphico</span> <span class='ocrx_word' id='word_1_145' title='bbox 1997 3397 2458 3497; x_wconf 86' lang='lat' dir='ltr'>propositum</span> <span class='ocrx_word' id='word_1_146' title='bbox 2509 3424 2593 3470; x_wconf 87' lang='lat' dir='ltr'>ae</span> <span class='ocrx_word' id='word_1_147' title='bbox 2647 3408 3002 3472; x_wconf 84' lang='lat' dir='ltr'>statutum</span> 
     </span>
     <span class='ocr_line' id='line_1_21' title="bbox 549 3520 3004 3629; baseline 0.001 -29"><span class='ocrx_word' id='word_1_148' title='bbox 549 3555 732 3601; x_wconf 90' lang='lat' dir='ltr'>esse.</span> <span class='ocrx_word' id='word_1_149' title='bbox 759 3529 1001 3602; x_wconf 88' lang='lat' dir='ltr'>Etiam</span> <span class='ocrx_word' id='word_1_150' title='bbox 1036 3528 1220 3602; x_wconf 92' lang='lat' dir='ltr'>illud</span> <span class='ocrx_word' id='word_1_151' title='bbox 1256 3520 1484 3629; x_wconf 79' lang='grc' dir='ltr'>δόγμα</span> <span class='ocrx_word' id='word_1_152' title='bbox 1537 3526 1803 3627; x_wconf 83' lang='grc' dir='ltr'>βουλῆς</span> <span class='ocrx_word' id='word_1_153' title='bbox 1841 3531 1959 3603; x_wconf 82' lang='grc' dir='ltr'>καὶ</span> <span class='ocrx_word' id='word_1_154' title='bbox 2007 3521 2263 3628; x_wconf 76' lang='grc' dir='ltr'>δήμου,</span> <span class='ocrx_word' id='word_1_155' title='bbox 2301 3531 2502 3628; x_wconf 89' lang='lat' dir='ltr'>quod</span> <span class='ocrx_word' id='word_1_156' title='bbox 2536 3532 2766 3603; x_wconf 90' lang='lat' dir='ltr'>semel</span> <span class='ocrx_word' id='word_1_157' title='bbox 2793 3531 3004 3604; x_wconf 92' lang='lat' dir='ltr'>inue-</span> 
     </span>
     <span class='ocr_line' id='line_1_22' title="bbox 548 3653 3001 3753; baseline 0.001 -29"><span class='ocrx_word' id='word_1_158' title='bbox 548 3653 793 3725; x_wconf 91' lang='lat' dir='ltr'>nimus</span> <span class='ocrx_word' id='word_1_159' title='bbox 830 3654 906 3725; x_wconf 92' lang='lat' dir='ltr'>in</span> <span class='ocrx_word' id='word_1_160' title='bbox 944 3654 1152 3726; x_wconf 85' lang='lat' dir='ltr'>titulo</span> <span class='ocrx_word' id='word_1_161' title='bbox 1189 3655 1515 3752; x_wconf 90' lang='lat' dir='ltr'>alioquin</span> <span class='ocrx_word' id='word_1_162' title='bbox 1556 3654 1775 3727; x_wconf 91' lang='lat' dir='ltr'>latius</span> <span class='ocrx_word' id='word_1_163' title='bbox 1822 3655 2014 3744; x_wconf 89' lang='lat' dir='ltr'>fuso,</span> <span class='ocrx_word' id='word_1_164' title='bbox 2058 3681 2189 3753; x_wconf 91' lang='lat' dir='ltr'>pro</span> <span class='ocrx_word' id='word_1_165' title='bbox 2229 3655 2529 3753; x_wconf 90' lang='lat' dir='ltr'>antiqua</span> <span class='ocrx_word' id='word_1_166' title='bbox 2573 3656 2891 3728; x_wconf 90' lang='lat' dir='ltr'>formula</span> <span class='ocrx_word' id='word_1_167' title='bbox 2925 3655 3001 3727; x_wconf 92' lang='lat' dir='ltr'>in</span> 
     </span>
    </p>
   </div>
   <div class='ocr_carea' id='block_1_6' title="bbox 547 3756 3002 4004">
    <p class='ocr_par' dir='ltr' id='par_1_6' title="bbox 547 3756 3002 4004">
     <span class='ocr_line' id='line_1_23' title="bbox 547 3756 3001 3877; baseline 0.002 -30"><span class='ocrx_word' id='word_1_168' title='bbox 547 3775 847 3849; x_wconf 91' lang='lat' dir='ltr'>breuius</span> <span class='ocrx_word' id='word_1_169' title='bbox 890 3777 1185 3850; x_wconf 86' lang='lat' dir='ltr'>redacta</span> <span class='ocrx_word' id='word_1_170' title='bbox 1226 3777 1483 3850; x_wconf 89' lang='lat' dir='ltr'>haberi</span> <span class='ocrx_word' id='word_1_171' title='bbox 1525 3789 1768 3877; x_wconf 87' lang='lat' dir='ltr'>potest</span> <span class='ocrx_word' id='word_1_172' title='bbox 1804 3803 1820 3850; x_wconf 88' lang='lat'>:</span> <span class='ocrx_word' id='word_1_173' title='bbox 1863 3777 2347 3877; x_wconf 90' lang='lat' dir='ltr'>quamobrem</span> <span class='ocrx_word' id='word_1_174' title='bbox 2392 3779 2511 3851; x_wconf 85' lang='lat' dir='ltr'>hic</span> <span class='ocrx_word' id='word_1_175' title='bbox 2554 3756 2808 3851; x_wconf 83' lang='lat' dir='ltr'>saltem</span> <span class='ocrx_word' id='word_1_176' title='bbox 2850 3806 3001 3852; x_wconf 94' lang='lat' dir='ltr'>non</span> 
     </span>
     <span class='ocr_line' id='line_1_24' title="bbox 549 3901 3002 4004; baseline 0.002 -32"><span class='ocrx_word' id='word_1_177' title='bbox 549 3902 1027 3990; x_wconf 89' lang='lat' dir='ltr'>nominantur</span> <span class='ocrx_word' id='word_1_178' title='bbox 1063 3901 1434 3976; x_wconf 89' lang='lat' dir='ltr'>buleutae.</span> <span class='ocrx_word' id='word_1_179' title='bbox 1464 3902 1672 3975; x_wconf 92' lang='lat' dir='ltr'>Idem</span> <span class='ocrx_word' id='word_1_180' title='bbox 1701 3903 2104 4000; x_wconf 85' lang='lat' dir='ltr'>significari</span> <span class='ocrx_word' id='word_1_181' title='bbox 2137 3903 2369 4000; x_wconf 89' lang='lat' dir='ltr'>liquet</span> <span class='ocrx_word' id='word_1_182' title='bbox 2402 3903 2530 3975; x_wconf 90' lang='lat' dir='ltr'>illo</span> <span class='ocrx_word' id='word_1_183' title='bbox 2562 3904 3002 4004; x_wconf 84' lang='lat' dir='ltr'>compendio</span> 
     </span>
    </p>
   </div>
   <div class='ocr_carea' id='block_1_7' title="bbox 550 4025 2999 4260">
    <p class='ocr_par' dir='ltr' id='par_1_7' title="bbox 550 4025 2999 4260">
     <span class='ocr_line' id='line_1_25' title="bbox 550 4025 1938 4135; baseline 0.002 -31"><span class='ocrx_word' id='word_1_184' title='bbox 550 4031 626 4132; x_wconf 88' lang='grc' dir='ltr'>ψ.</span> <span class='ocrx_word' id='word_1_185' title='bbox 659 4031 728 4133; x_wconf 89' lang='grc' dir='ltr'>β.</span> <span class='ocrx_word' id='word_1_186' title='bbox 783 4025 846 4106; x_wconf 81' lang='grc' dir='ltr'>δ.</span> <span class='ocrx_word' id='word_1_187' title='bbox 895 4035 1093 4133; x_wconf 90' lang='lat' dir='ltr'>quod</span> <span class='ocrx_word' id='word_1_188' title='bbox 1134 4035 1561 4135; x_wconf 89' lang='lat' dir='ltr'>saepissime</span> <span class='ocrx_word' id='word_1_189' title='bbox 1592 4036 1938 4109; x_wconf 85' lang='lat' dir='ltr'>occurrit.</span> 
     </span>
     <span class='ocr_line' id='line_1_26' title="bbox 645 4158 2999 4260; baseline 0.002 -31"><span class='ocrx_word' id='word_1_190' title='bbox 645 4158 757 4230; x_wconf 90' lang='lat' dir='ltr'>De</span> <span class='ocrx_word' id='word_1_191' title='bbox 792 4159 954 4257; x_wconf 91' lang='lat' dir='ltr'>ipso</span> <span class='ocrx_word' id='word_1_192' title='bbox 995 4160 1305 4232; x_wconf 84' lang='lat' dir='ltr'>oonsilio</span> <span class='ocrx_word' id='word_1_193' title='bbox 1350 4160 1792 4258; x_wconf 83' lang='lat' dir='ltr'>paucissima</span> <span class='ocrx_word' id='word_1_194' title='bbox 1833 4160 2103 4250; x_wconf 83' lang='lat' dir='ltr'>dicam,</span> <span class='ocrx_word' id='word_1_195' title='bbox 2149 4171 2540 4260; x_wconf 85' lang='lat' dir='ltr'>propterea</span> <span class='ocrx_word' id='word_1_196' title='bbox 2587 4162 2785 4259; x_wconf 89' lang='lat' dir='ltr'>quod</span> <span class='ocrx_word' id='word_1_197' title='bbox 2827 4188 2999 4234; x_wconf 87' lang='lat' dir='ltr'>mox</span> 
     </span>
    </p>
   </div>
   <div class='ocr_carea' id='block_1_8' title="bbox 548 4285 2998 4517">
    <p class='ocr_par' dir='ltr' id='par_1_8' title="bbox 548 4285 2998 4517">
     <span class='ocr_line' id='line_1_27' title="bbox 550 4285 2998 4394; baseline 0.004 -33"><span class='ocrx_word' id='word_1_198' title='bbox 550 4290 857 4363; x_wconf 76' lang='lat' dir='ltr'>edentur</span> <span class='ocrx_word' id='word_1_199' title='bbox 884 4292 1326 4365; x_wconf 78' lang='lat' dir='ltr'>documenta</span> <span class='ocrx_word' id='word_1_200' title='bbox 1369 4320 1540 4365; x_wconf 86' lang='lat' dir='ltr'>uere</span> <span class='ocrx_word' id='word_1_201' title='bbox 1582 4285 1950 4365; x_wconf 85' lang='lat' dir='ltr'>mirabilia</span> <span class='ocrx_word' id='word_1_202' title='bbox 1979 4293 2249 4391; x_wconf 86' lang='lat' dir='ltr'>quibus</span> <span class='ocrx_word' id='word_1_203' title='bbox 2283 4293 2696 4392; x_wconf 81' lang='lat' dir='ltr'>delphicam</span> <span class='ocrx_word' id='word_1_204' title='bbox 2722 4293 2998 4394; x_wconf 83' lang='grc' dir='ltr'>,βὀυλὴν</span> 
     </span>
     <span class='ocr_line' id='line_1_28' title="bbox 548 4415 2996 4517; baseline 0.003 -32"><span class='ocrx_word' id='word_1_205' title='bbox 548 4415 1061 4513; x_wconf 84' lang='lat' dir='ltr'>progrediente</span> <span class='ocrx_word' id='word_1_206' title='bbox 1097 4427 1428 4515; x_wconf 89' lang='lat' dir='ltr'>tempore</span> <span class='ocrx_word' id='word_1_207' title='bbox 1460 4418 1673 4491; x_wconf 90' lang='lat' dir='ltr'>foede</span> <span class='ocrx_word' id='word_1_208' title='bbox 1704 4417 2183 4517; x_wconf 89' lang='lat' dir='ltr'>deprauatam</span> <span class='ocrx_word' id='word_1_209' title='bbox 2228 4444 2385 4490; x_wconf 90' lang='lat' dir='ltr'>esse</span> <span class='ocrx_word' id='word_1_210' title='bbox 2438 4418 2771 4494; x_wconf 86' lang='lat' dir='ltr'>traditur.</span> <span class='ocrx_word' id='word_1_211' title='bbox 2810 4422 2996 4493; x_wconf 91' lang='lat' dir='ltr'>Nam</span> 
     </span>
    </p>
   </div>
  </div>
 </body>
</html>
