<?xml version="1.0" encoding="UTF-8"?>
<!DOCTYPE html PUBLIC "-//W3C//DTD XHTML 1.0 Transitional//EN"
    "http://www.w3.org/TR/xhtml1/DTD/xhtml1-transitional.dtd">
<html xmlns="http://www.w3.org/1999/xhtml" xml:lang="en" lang="en">
 <head>
  <title>
</title>
<meta http-equiv="Content-Type" content="text/html;charset=utf-8" />
  <meta name='ocr-system' content='tesseract 3.04.00' />
  <meta name='ocr-capabilities' content='ocr_page ocr_carea ocr_par ocr_line ocrx_word'/>
</head>
<body>
  <div class='ocr_page' id='page_1' title='image "./derebusdelphici01bourgoog_0098.png"; bbox 0 0 3692 5643; ppageno 0'>
   <div class='ocr_carea' id='block_1_1' title="bbox 799 637 2574 708">
    <p class='ocr_par' dir='ltr' id='par_1_1' title="bbox 799 637 2574 708">
     <span class='ocr_line' id='line_1_1' title="bbox 799 637 2574 708; baseline -0.001 0"><span class='ocrx_word' id='word_1_1' title='bbox 799 637 893 708; x_wconf 84' lang='lat'>80</span> <span class='ocrx_word' id='word_1_2' title='bbox 1511 659 1599 706; x_wconf 71' lang='lat' dir='ltr'>nn</span> <span class='ocrx_word' id='word_1_3' title='bbox 1657 659 2166 707; x_wconf 66' lang='lat' dir='ltr'>mrssnmonvm</span> <span class='ocrx_word' id='word_1_4' title='bbox 2218 659 2574 707; x_wconf 72' lang='lat' dir='ltr'>Erisrvms</span> 
     </span>
    </p>
   </div>
   <div class='ocr_carea' id='block_1_2' title="bbox 798 810 3373 2777">
    <p class='ocr_par' dir='ltr' id='par_1_2' title="bbox 798 810 3373 2777">
     <span class='ocr_line' id='line_1_2' title="bbox 898 810 3258 911; baseline -0.001 -24"><span class='ocrx_word' id='word_1_5' title='bbox 898 815 1303 911; x_wconf 86' lang='lat' dir='ltr'>Postquam</span> <span class='ocrx_word' id='word_1_6' title='bbox 1330 810 1529 884; x_wconf 89' lang='lat' dir='ltr'>enim</span> <span class='ocrx_word' id='word_1_7' title='bbox 1570 810 1660 884; x_wconf 92' lang='lat' dir='ltr'>de</span> <span class='ocrx_word' id='word_1_8' title='bbox 1700 810 1845 884; x_wconf 91' lang='lat' dir='ltr'>illis</span> <span class='ocrx_word' id='word_1_9' title='bbox 1876 810 2005 909; x_wconf 91' lang='lat' dir='ltr'>qui</span> <span class='ocrx_word' id='word_1_10' title='bbox 2040 821 2239 883; x_wconf 88' lang='lat' dir='ltr'>certa</span> <span class='ocrx_word' id='word_1_11' title='bbox 2267 811 2586 909; x_wconf 85' lang='lat' dir='ltr'>quadam</span> <span class='ocrx_word' id='word_1_12' title='bbox 2620 811 2780 910; x_wconf 93' lang='lat' dir='ltr'>lege</span> <span class='ocrx_word' id='word_1_13' title='bbox 2814 813 3258 910; x_wconf 87' lang='lat' dir='ltr'>Pythiorum</span> 
     </span>
     <span class='ocr_line' id='line_1_3' title="bbox 799 933 3262 1035; baseline -0.002 -24"><span class='ocrx_word' id='word_1_14' title='bbox 799 936 1328 1012; x_wconf 84' lang='lat' dir='ltr'>certaminibus</span> <span class='ocrx_word' id='word_1_15' title='bbox 1358 935 1663 1009; x_wconf 82' lang='lat' dir='ltr'>aderant</span> <span class='ocrx_word' id='word_1_16' title='bbox 1707 961 1938 1035; x_wconf 88' lang='lat' dir='ltr'>pauca</span> <span class='ocrx_word' id='word_1_17' title='bbox 1986 933 2218 1007; x_wconf 82' lang='lat' dir='ltr'>edixit</span> <span class='ocrx_word' id='word_1_18' title='bbox 2259 935 2679 1008; x_wconf 80' lang='lat' dir='ltr'>Hadrianus</span> <span class='ocrx_word' id='word_1_19' title='bbox 2735 937 2837 1034; x_wconf 91' lang='grc' dir='ltr'><strong>(ιι.</strong></span> <span class='ocrx_word' id='word_1_20' title='bbox 2885 938 3122 1035; x_wconf 85' lang='grc'>7-12),</span> <span class='ocrx_word' id='word_1_21' title='bbox 3167 936 3262 1009; x_wconf 91' lang='lat' dir='ltr'>ad</span> 
     </span>
     <span class='ocr_line' id='line_1_4' title="bbox 801 1060 3259 1161; baseline -0.001 -26"><span class='ocrx_word' id='word_1_22' title='bbox 801 1062 1151 1159; x_wconf 84' lang='lat' dir='ltr'>suffragia</span> <span class='ocrx_word' id='word_1_23' title='bbox 1190 1061 1430 1161; x_wconf 90' lang='lat' dir='ltr'>pergit</span> <span class='ocrx_word' id='word_1_24' title='bbox 1473 1086 1660 1159; x_wconf 89' lang='lat' dir='ltr'>quae</span> <span class='ocrx_word' id='word_1_25' title='bbox 1707 1070 1963 1158; x_wconf 83' lang='lat' dir='ltr'>gentes</span> <span class='ocrx_word' id='word_1_26' title='bbox 1993 1060 2621 1159; x_wconf 83' lang='lat' dir='ltr'>Amphictyoniae</span> <span class='ocrx_word' id='word_1_27' title='bbox 2656 1060 3049 1160; x_wconf 80' lang='lat' dir='ltr'>participes</span> <span class='ocrx_word' id='word_1_28' title='bbox 3083 1061 3259 1132; x_wconf 92' lang='lat' dir='ltr'>inde</span> 
     </span>
     <span class='ocr_line' id='line_1_5' title="bbox 800 1183 3262 1283; baseline -0.001 -24"><span class='ocrx_word' id='word_1_29' title='bbox 800 1186 892 1259; x_wconf 86' lang='lat' dir='ltr'>ab</span> <span class='ocrx_word' id='word_1_30' title='bbox 930 1189 1266 1283; x_wconf 88' lang='lat' dir='ltr'>Augusto</span> <span class='ocrx_word' id='word_1_31' title='bbox 1293 1183 1690 1258; x_wconf 88' lang='lat' dir='ltr'>habebant.</span> <span class='ocrx_word' id='word_1_32' title='bbox 1729 1184 1920 1258; x_wconf 91' lang='lat' dir='ltr'>Cum</span> <span class='ocrx_word' id='word_1_33' title='bbox 1955 1212 2026 1257; x_wconf 92' lang='grc' dir='ltr'>ιι.</span> <span class='ocrx_word' id='word_1_34' title='bbox 2070 1185 2201 1256; x_wconf 76' lang='grc'>3-5</span> <span class='ocrx_word' id='word_1_35' title='bbox 2236 1184 2538 1256; x_wconf 89' lang='lat' dir='ltr'>alterius</span> <span class='ocrx_word' id='word_1_36' title='bbox 2569 1185 2957 1258; x_wconf 84' lang='lat' dir='ltr'>columnae</span> <span class='ocrx_word' id='word_1_37' title='bbox 2987 1184 3048 1257; x_wconf 93' lang='lat' dir='ltr'>si</span> <span class='ocrx_word' id='word_1_38' title='bbox 3079 1212 3262 1258; x_wconf 92' lang='lat' dir='ltr'>con-</span> 
     </span>
     <span class='ocr_line' id='line_1_6' title="bbox 798 1307 3256 1408; baseline -0 -25"><span class='ocrx_word' id='word_1_39' title='bbox 798 1310 1055 1383; x_wconf 88' lang='lat' dir='ltr'>tuleris</span> <span class='ocrx_word' id='word_1_40' title='bbox 1103 1336 1182 1381; x_wconf 88' lang='lat' dir='ltr'>ea</span> <span class='ocrx_word' id='word_1_41' title='bbox 1245 1334 1431 1408; x_wconf 88' lang='lat' dir='ltr'>quae</span> <span class='ocrx_word' id='word_1_42' title='bbox 1492 1307 1899 1382; x_wconf 85' lang='lat' dir='ltr'>Pausaniae</span> <span class='ocrx_word' id='word_1_43' title='bbox 1955 1307 2044 1380; x_wconf 92' lang='lat' dir='ltr'>de</span> <span class='ocrx_word' id='word_1_44' title='bbox 2097 1334 2174 1380; x_wconf 91' lang='lat' dir='ltr'>re</span> <span class='ocrx_word' id='word_1_45' title='bbox 2216 1308 2814 1407; x_wconf 85' lang='lat' dir='ltr'>amphictyonica</span> <span class='ocrx_word' id='word_1_46' title='bbox 2873 1310 3256 1400; x_wconf 88' lang='lat' dir='ltr'>debemus,</span> 
     </span>
     <span class='ocr_line' id='line_1_7' title="bbox 802 1432 3260 1534; baseline -0 -28"><span class='ocrx_word' id='word_1_47' title='bbox 802 1433 1151 1534; x_wconf 89' lang='lat' dir='ltr'>probabis</span> <span class='ocrx_word' id='word_1_48' title='bbox 1216 1433 1294 1505; x_wconf 90' lang='lat' dir='ltr'>in</span> <span class='ocrx_word' id='word_1_49' title='bbox 1367 1461 1440 1505; x_wconf 90' lang='lat' dir='ltr'>u.</span> <span class='ocrx_word' id='word_1_50' title='bbox 1510 1434 1729 1507; x_wconf 81' lang='lat'><strong>13-14</strong></span> <span class='ocrx_word' id='word_1_51' title='bbox 1794 1432 2064 1532; x_wconf 90' lang='lat' dir='ltr'>prioris</span> <span class='ocrx_word' id='word_1_52' title='bbox 2120 1435 2510 1506; x_wconf 87' lang='lat' dir='ltr'>columnae</span> <span class='ocrx_word' id='word_1_53' title='bbox 2573 1433 2865 1506; x_wconf 88' lang='lat' dir='ltr'>illarum</span> <span class='ocrx_word' id='word_1_54' title='bbox 2927 1433 3260 1534; x_wconf 88' lang='lat' dir='ltr'>gentium</span> 
     </span>
     <span class='ocr_line' id='line_1_8' title="bbox 800 1557 3261 1657; baseline 0 -27"><span class='ocrx_word' id='word_1_55' title='bbox 800 1558 1105 1630; x_wconf 89' lang='lat' dir='ltr'>nomina</span> <span class='ocrx_word' id='word_1_56' title='bbox 1138 1557 1471 1630; x_wconf 88' lang='lat' dir='ltr'>restituta</span> <span class='ocrx_word' id='word_1_57' title='bbox 1511 1583 1697 1629; x_wconf 87' lang='lat' dir='ltr'>esse.</span> <span class='ocrx_word' id='word_1_58' title='bbox 1746 1557 1937 1629; x_wconf 90' lang='lat' dir='ltr'>Nam</span> <span class='ocrx_word' id='word_1_59' title='bbox 1981 1557 2352 1629; x_wconf 89' lang='lat' dir='ltr'>Thessalis</span> <span class='ocrx_word' id='word_1_60' title='bbox 2390 1582 2514 1629; x_wconf 88' lang='lat' dir='ltr'>sex</span> <span class='ocrx_word' id='word_1_61' title='bbox 2551 1557 3008 1657; x_wconf 87' lang='lat' dir='ltr'>totidemque</span> <span class='ocrx_word' id='word_1_62' title='bbox 3041 1558 3261 1630; x_wconf 91' lang='lat' dir='ltr'>Nico-</span> 
     </span>
     <span class='ocr_line' id='line_1_9' title="bbox 798 1680 3260 1781; baseline -0.001 -27"><span class='ocrx_word' id='word_1_63' title='bbox 798 1682 1144 1781; x_wconf 86' lang='lat' dir='ltr'>politanis</span> <span class='ocrx_word' id='word_1_64' title='bbox 1188 1680 1533 1779; x_wconf 86' lang='lat' dir='ltr'>suffragia</span> <span class='ocrx_word' id='word_1_65' title='bbox 1579 1680 1953 1780; x_wconf 86' lang='lat' dir='ltr'>impertita</span> <span class='ocrx_word' id='word_1_66' title='bbox 2001 1692 2221 1754; x_wconf 83' lang='lat' dir='ltr'>erant·</span> <span class='ocrx_word' id='word_1_67' title='bbox 2258 1692 2332 1753; x_wconf 88' lang='lat' dir='ltr'>et</span> <span class='ocrx_word' id='word_1_68' title='bbox 2376 1681 2526 1753; x_wconf 88' lang='lat' dir='ltr'>illis</span> <span class='ocrx_word' id='word_1_69' title='bbox 2572 1682 3005 1781; x_wconf 88' lang='lat' dir='ltr'>praesertim</span> <span class='ocrx_word' id='word_1_70' title='bbox 3057 1681 3260 1780; x_wconf 91' lang='lat' dir='ltr'>quod</span> 
     </span>
     <span class='ocr_line' id='line_1_10' title="bbox 804 1806 3264 1910; baseline 0 -32"><span class='ocrx_word' id='word_1_71' title='bbox 804 1817 1090 1879; x_wconf 88' lang='lat' dir='ltr'>ueteres</span> <span class='ocrx_word' id='word_1_72' title='bbox 1124 1808 1437 1906; x_wconf 87' lang='lat' dir='ltr'>populos</span> <span class='ocrx_word' id='word_1_73' title='bbox 1475 1806 1850 1910; x_wconf 86' lang='lat' dir='ltr'>Aenianes</span> <span class='ocrx_word' id='word_1_74' title='bbox 1882 1806 2209 1905; x_wconf 91' lang='lat' dir='ltr'>Dolopes</span> <span class='ocrx_word' id='word_1_75' title='bbox 2237 1806 2420 1879; x_wconf 86' lang='lat' dir='ltr'>alios</span> <span class='ocrx_word' id='word_1_76' title='bbox 2448 1807 2522 1878; x_wconf 91' lang='lat' dir='ltr'>in</span> <span class='ocrx_word' id='word_1_77' title='bbox 2562 1833 2790 1878; x_wconf 90' lang='lat' dir='ltr'>unum</span> <span class='ocrx_word' id='word_1_78' title='bbox 2823 1833 2991 1879; x_wconf 91' lang='lat' dir='ltr'>cum</span> <span class='ocrx_word' id='word_1_79' title='bbox 3032 1808 3264 1878; x_wconf 86' lang='lat' dir='ltr'>Thes-</span> 
     </span>
     <span class='ocr_line' id='line_1_11' title="bbox 799 1922 3214 2031; baseline -0 -27"><span class='ocrx_word' id='word_1_80' title='bbox 799 1932 972 2005; x_wconf 89' lang='lat' dir='ltr'>salis</span> <span class='ocrx_word' id='word_1_81' title='bbox 1019 1931 1403 2031; x_wconf 84' lang='lat' dir='ltr'>redegerat</span> <span class='ocrx_word' id='word_1_82' title='bbox 1447 1932 1852 2029; x_wconf 78' lang='lat' dir='ltr'>Augustus,</span> <span class='ocrx_word' id='word_1_83' title='bbox 1906 1932 2165 2029; x_wconf 81' lang='lat' dir='ltr'>Itaque</span> <span class='ocrx_word' id='word_1_84' title='bbox 2220 1958 2292 2003; x_wconf 89' lang='grc' dir='ltr'>ιι.</span> <span class='ocrx_word' id='word_1_85' title='bbox 2344 1933 2562 2003; x_wconf 80' lang='lat'>15-16</span> <span class='ocrx_word' id='word_1_86' title='bbox 2659 1923 2825 2028; x_wconf 82' lang='grc' dir='ltr'>[τῶν</span> <span class='ocrx_word' id='word_1_87' title='bbox 2911 1923 3147 2028; x_wconf 81' lang='grc' dir='ltr'>ἐθνῶν]</span> <span class='ocrx_word' id='word_1_88' title='bbox 3204 1922 3214 2027; x_wconf 87' lang='grc' dir='ltr'>Ι</span> 
     </span>
     <span class='ocr_line' id='line_1_12' title="bbox 800 2031 3261 2155; baseline -0.002 -25"><span class='ocrx_word' id='word_1_89' title='bbox 800 2063 943 2130; x_wconf 82' lang='grc' dir='ltr'>τῶν</span> <span class='ocrx_word' id='word_1_90' title='bbox 975 2068 1067 2154; x_wconf 81' lang='grc' dir='ltr'>τῇ</span> <span class='ocrx_word' id='word_1_91' title='bbox 1117 2047 1514 2153; x_wconf 77' lang='grc' dir='ltr'>Θεσσ[αλίᾳ</span> <span class='ocrx_word' id='word_1_92' title='bbox 1553 2031 1956 2151; x_wconf 75' lang='grc' dir='ltr'>ἀνῆκὸντων</span> <span class='ocrx_word' id='word_1_93' title='bbox 1986 2055 2132 2152; x_wconf 91' lang='lat' dir='ltr'>legi</span> <span class='ocrx_word' id='word_1_94' title='bbox 2163 2081 2278 2127; x_wconf 89' lang='lat' dir='ltr'>res</span> <span class='ocrx_word' id='word_1_95' title='bbox 2318 2055 2474 2154; x_wconf 89' lang='lat' dir='ltr'>ipsa</span> <span class='ocrx_word' id='word_1_96' title='bbox 2508 2057 2850 2155; x_wconf 83' lang='lat' dir='ltr'>postulat.</span> <span class='ocrx_word' id='word_1_97' title='bbox 2883 2055 3028 2128; x_wconf 89' lang='lat' dir='ltr'>Sed</span> <span class='ocrx_word' id='word_1_98' title='bbox 3059 2083 3129 2128; x_wconf 88' lang='grc' dir='ltr'>ιι.</span> <span class='ocrx_word' id='word_1_99' title='bbox 3172 2057 3261 2127; x_wconf 80' lang='grc'>17</span> 
     </span>
     <span class='ocr_line' id='line_1_13' title="bbox 800 2180 3256 2280; baseline -0 -28"><span class='ocrx_word' id='word_1_100' title='bbox 800 2181 1078 2279; x_wconf 89' lang='lat' dir='ltr'>aliquid</span> <span class='ocrx_word' id='word_1_101' title='bbox 1147 2182 1360 2280; x_wconf 88' lang='lat' dir='ltr'>plane</span> <span class='ocrx_word' id='word_1_102' title='bbox 1425 2180 1603 2252; x_wconf 90' lang='lat' dir='ltr'>noui</span> <span class='ocrx_word' id='word_1_103' title='bbox 1671 2191 1975 2279; x_wconf 88' lang='lat' dir='ltr'>apparet</span> <span class='ocrx_word' id='word_1_104' title='bbox 2030 2181 2091 2252; x_wconf 89' lang='lat' dir='ltr'>si</span> <span class='ocrx_word' id='word_1_105' title='bbox 2156 2180 2458 2278; x_wconf 90' lang='lat' dir='ltr'>quidem</span> <span class='ocrx_word' id='word_1_106' title='bbox 2525 2191 2750 2268; x_wconf 88' lang='lat' dir='ltr'>recte,</span> <span class='ocrx_word' id='word_1_107' title='bbox 2818 2191 2898 2252; x_wconf 87' lang='lat' dir='ltr'>ut</span> <span class='ocrx_word' id='word_1_108' title='bbox 2963 2180 3256 2279; x_wconf 81' lang='lat' dir='ltr'>opinor,</span> 
     </span>
     <span class='ocr_line' id='line_1_14' title="bbox 800 2290 3373 2405; baseline 0.001 -31"><span class='ocrx_word' id='word_1_109' title='bbox 800 2295 1106 2405; x_wconf 81' lang='grc' dir='ltr'>Νέρ[ων]</span> <span class='ocrx_word' id='word_1_110' title='bbox 1165 2305 1287 2377; x_wconf 79' lang='lat' dir='ltr'>hic</span> <span class='ocrx_word' id='word_1_111' title='bbox 1341 2305 1702 2377; x_wconf 83' lang='lat' dir='ltr'>laudatur.</span> <span class='ocrx_word' id='word_1_112' title='bbox 1763 2305 1876 2377; x_wconf 90' lang='lat' dir='ltr'>De</span> <span class='ocrx_word' id='word_1_113' title='bbox 1921 2306 2167 2376; x_wconf 92' lang='lat' dir='ltr'>Nerua</span> <span class='ocrx_word' id='word_1_114' title='bbox 2220 2300 2419 2376; x_wconf 82' lang='lat' dir='ltr'>enim</span> <span class='ocrx_word' id='word_1_115' title='bbox 2479 2306 2539 2377; x_wconf 92' lang='lat' dir='ltr'>si</span> <span class='ocrx_word' id='word_1_116' title='bbox 2598 2316 2964 2402; x_wconf 82' lang='lat' dir='ltr'>ageretur,</span> <span class='ocrx_word' id='word_1_117' title='bbox 3021 2305 3265 2376; x_wconf 89' lang='lat' dir='ltr'>Diuus</span> <span class='ocrx_word' id='word_1_118' title='bbox 3364 2290 3373 2296; x_wconf 39' lang='lat'><strong>⁹</strong></span> 
     </span>
     <span class='ocr_line' id='line_1_15' title="bbox 799 2429 3265 2529; baseline 0 -28"><span class='ocrx_word' id='word_1_119' title='bbox 799 2455 1254 2529; x_wconf 88' lang='lat' dir='ltr'>praenomen</span> <span class='ocrx_word' id='word_1_120' title='bbox 1348 2456 1500 2501; x_wconf 91' lang='lat' dir='ltr'>non</span> <span class='ocrx_word' id='word_1_121' title='bbox 1589 2429 1951 2501; x_wconf 89' lang='lat' dir='ltr'>omissum</span> <span class='ocrx_word' id='word_1_122' title='bbox 2040 2439 2257 2502; x_wconf 87' lang='lat' dir='ltr'>esset.</span> <span class='ocrx_word' id='word_1_123' title='bbox 2341 2430 2715 2502; x_wconf 91' lang='lat' dir='ltr'>Neronem</span> <span class='ocrx_word' id='word_1_124' title='bbox 2793 2457 2971 2502; x_wconf 90' lang='lat' dir='ltr'>uero</span> <span class='ocrx_word' id='word_1_125' title='bbox 3038 2429 3265 2501; x_wconf 84' lang='lat' dir='ltr'>rebus</span> 
     </span>
     <span class='ocr_line' id='line_1_16' title="bbox 800 2553 3263 2653; baseline 0 -28"><span class='ocrx_word' id='word_1_126' title='bbox 800 2553 1424 2653; x_wconf 84' lang='lat' dir='ltr'>amphictyonicis</span> <span class='ocrx_word' id='word_1_127' title='bbox 1458 2579 1758 2652; x_wconf 89' lang='lat' dir='ltr'>operam</span> <span class='ocrx_word' id='word_1_128' title='bbox 1798 2554 2187 2626; x_wconf 87' lang='lat' dir='ltr'>nauauisse</span> <span class='ocrx_word' id='word_1_129' title='bbox 2228 2553 2644 2626; x_wconf 88' lang='lat' dir='ltr'>inauditum</span> <span class='ocrx_word' id='word_1_130' title='bbox 2690 2564 2825 2643; x_wconf 87' lang='lat' dir='ltr'>est,</span> <span class='ocrx_word' id='word_1_131' title='bbox 2871 2566 3090 2653; x_wconf 89' lang='lat' dir='ltr'>atque</span> <span class='ocrx_word' id='word_1_132' title='bbox 3130 2554 3263 2626; x_wconf 91' lang='lat' dir='ltr'>illo</span> 
     </span>
     <span class='ocr_line' id='line_1_17' title="bbox 799 2677 3261 2777; baseline 0 -29"><span class='ocrx_word' id='word_1_133' title='bbox 799 2704 1096 2776; x_wconf 85' lang='lat' dir='ltr'>quoque</span> <span class='ocrx_word' id='word_1_134' title='bbox 1122 2678 1478 2776; x_wconf 87' lang='lat' dir='ltr'>epistulae</span> <span class='ocrx_word' id='word_1_135' title='bbox 1508 2679 1673 2750; x_wconf 94' lang='lat' dir='ltr'>loco</span> <span class='ocrx_word' id='word_1_136' title='bbox 1697 2677 2160 2750; x_wconf 81' lang='lat' dir='ltr'>Hadrianum</span> <span class='ocrx_word' id='word_1_137' title='bbox 2193 2678 2283 2750; x_wconf 93' lang='lat' dir='ltr'>de</span> <span class='ocrx_word' id='word_1_138' title='bbox 2315 2678 2633 2750; x_wconf 91' lang='lat' dir='ltr'>concilio</span> <span class='ocrx_word' id='word_1_139' title='bbox 2658 2678 3261 2777; x_wconf 85' lang='lat' dir='ltr'>amphictyonico</span> 
     </span>
    </p>
   </div>
   <div class='ocr_carea' id='block_1_3' title="bbox 800 2802 3258 2993">
    <p class='ocr_par' dir='ltr' id='par_1_3' title="bbox 800 2802 3258 2993">
     <span class='ocr_line' id='line_1_18' title="bbox 800 2802 3258 2903; baseline -0 -27"><span class='ocrx_word' id='word_1_140' title='bbox 800 2829 1062 2876; x_wconf 89' lang='lat' dir='ltr'>reuera</span> <span class='ocrx_word' id='word_1_141' title='bbox 1109 2803 1439 2875; x_wconf 89' lang='lat' dir='ltr'>locutum</span> <span class='ocrx_word' id='word_1_142' title='bbox 1494 2829 1650 2875; x_wconf 88' lang='lat' dir='ltr'>esse</span> <span class='ocrx_word' id='word_1_143' title='bbox 1715 2813 1921 2903; x_wconf 89' lang='lat' dir='ltr'>put0,</span> <span class='ocrx_word' id='word_1_144' title='bbox 1980 2829 2404 2902; x_wconf 89' lang='lat' dir='ltr'>quanquam</span> <span class='ocrx_word' id='word_1_145' title='bbox 2471 2802 2764 2877; x_wconf 87' lang='lat' dir='ltr'>diuersa</span> <span class='ocrx_word' id='word_1_146' title='bbox 2816 2803 3127 2876; x_wconf 88' lang='lat' dir='ltr'>miscere</span> <span class='ocrx_word' id='word_1_147' title='bbox 3184 2812 3258 2875; x_wconf 82' lang='lat' dir='ltr'>ut</span> 
     </span>
     <span class='ocr_line' id='line_1_19' title="bbox 800 2918 2983 2993; baseline 0 -2"><span class='ocrx_word' id='word_1_148' title='bbox 800 2918 949 2991; x_wconf 91' lang='lat' dir='ltr'>iam</span> <span class='ocrx_word' id='word_1_149' title='bbox 994 2919 1275 2992; x_wconf 90' lang='lat' dir='ltr'>dictum</span> <span class='ocrx_word' id='word_1_150' title='bbox 1317 2930 1427 2991; x_wconf 88' lang='lat' dir='ltr'>est</span> <span class='ocrx_word' id='word_1_151' title='bbox 1464 2929 1536 2992; x_wconf 89' lang='lat' dir='ltr'>et</span> <span class='ocrx_word' id='word_1_152' title='bbox 1571 2918 1646 2991; x_wconf 91' lang='lat' dir='ltr'>in</span> <span class='ocrx_word' id='word_1_153' title='bbox 1687 2919 1907 2992; x_wconf 87' lang='lat' dir='ltr'>aliam</span> <span class='ocrx_word' id='word_1_154' title='bbox 1952 2946 2109 2991; x_wconf 88' lang='lat' dir='ltr'>rem</span> <span class='ocrx_word' id='word_1_155' title='bbox 2151 2931 2649 2992; x_wconf 83' lang='lat' dir='ltr'>transcurrere</span> <span class='ocrx_word' id='word_1_156' title='bbox 2682 2919 2983 2993; x_wconf 88' lang='lat' dir='ltr'>amauit.</span> 
     </span>
    </p>
   </div>
   <div class='ocr_carea' id='block_1_4' title="bbox 800 3042 3270 4513">
    <p class='ocr_par' dir='ltr' id='par_1_4' title="bbox 800 3042 3270 4513">
     <span class='ocr_line' id='line_1_20' title="bbox 901 3042 3266 3144; baseline 0 -30"><span class='ocrx_word' id='word_1_157' title='bbox 901 3042 1119 3128; x_wconf 89' lang='lat' dir='ltr'>Quod</span> <span class='ocrx_word' id='word_1_158' title='bbox 1155 3044 1449 3143; x_wconf 88' lang='lat' dir='ltr'>planius</span> <span class='ocrx_word' id='word_1_159' title='bbox 1488 3042 1710 3116; x_wconf 86' lang='lat' dir='ltr'>etiam</span> <span class='ocrx_word' id='word_1_160' title='bbox 1742 3044 2194 3141; x_wconf 87' lang='lat' dir='ltr'>intellegitur</span> <span class='ocrx_word' id='word_1_161' title='bbox 2228 3071 2316 3116; x_wconf 86' lang='lat' dir='ltr'>ex</span> <span class='ocrx_word' id='word_1_162' title='bbox 2348 3045 2574 3116; x_wconf 76' lang='lat' dir='ltr'>altera</span> <span class='ocrx_word' id='word_1_163' title='bbox 2614 3044 2946 3117; x_wconf 92' lang='lat' dir='ltr'>eiusdem</span> <span class='ocrx_word' id='word_1_164' title='bbox 2987 3045 3266 3144; x_wconf 88' lang='lat' dir='ltr'>epistu-</span> 
     </span>
     <span class='ocr_line' id='line_1_21' title="bbox 800 3166 3267 3266; baseline -0 -25"><span class='ocrx_word' id='word_1_165' title='bbox 800 3170 913 3241; x_wconf 88' lang='lat' dir='ltr'>lae</span> <span class='ocrx_word' id='word_1_166' title='bbox 980 3169 1327 3240; x_wconf 91' lang='lat' dir='ltr'>columna</span> <span class='ocrx_word' id='word_1_167' title='bbox 1392 3167 1601 3240; x_wconf 90' lang='lat' dir='ltr'>cuius</span> <span class='ocrx_word' id='word_1_168' title='bbox 1658 3166 1916 3241; x_wconf 91' lang='lat' dir='ltr'>decem</span> <span class='ocrx_word' id='word_1_169' title='bbox 1978 3194 2238 3240; x_wconf 92' lang='lat' dir='ltr'>uersus</span> <span class='ocrx_word' id='word_1_170' title='bbox 2295 3169 2563 3266; x_wconf 86' lang='lat' dir='ltr'>integri</span> <span class='ocrx_word' id='word_1_171' title='bbox 2622 3168 2933 3242; x_wconf 85' lang='lat' dir='ltr'>feliciter</span> <span class='ocrx_word' id='word_1_172' title='bbox 2989 3168 3267 3241; x_wconf 88' lang='lat' dir='ltr'>seruati</span> 
     </span>
     <span class='ocr_line' id='line_1_22' title="bbox 802 3290 3262 3391; baseline 0 -27"><span class='ocrx_word' id='word_1_173' title='bbox 802 3301 997 3365; x_wconf 88' lang='lat' dir='ltr'>sunt.</span> <span class='ocrx_word' id='word_1_174' title='bbox 1048 3291 1189 3364; x_wconf 91' lang='lat' dir='ltr'>Hic</span> <span class='ocrx_word' id='word_1_175' title='bbox 1224 3291 1425 3364; x_wconf 92' lang='lat' dir='ltr'>enim</span> <span class='ocrx_word' id='word_1_176' title='bbox 1465 3318 1611 3390; x_wconf 91' lang='lat' dir='ltr'>quo</span> <span class='ocrx_word' id='word_1_177' title='bbox 1650 3290 1947 3375; x_wconf 87' lang='lat' dir='ltr'>dicendi</span> <span class='ocrx_word' id='word_1_178' title='bbox 1987 3318 2257 3390; x_wconf 90' lang='lat' dir='ltr'>genere</span> <span class='ocrx_word' id='word_1_179' title='bbox 2298 3292 2828 3366; x_wconf 83' lang='lat' dir='ltr'>subtilissimus</span> <span class='ocrx_word' id='word_1_180' title='bbox 2862 3293 2985 3365; x_wconf 84' lang='lat' dir='ltr'>ille</span> <span class='ocrx_word' id='word_1_181' title='bbox 3021 3291 3262 3391; x_wconf 89' lang='lat' dir='ltr'>impe-</span> 
     </span>
     <span class='ocr_line' id='line_1_23' title="bbox 801 3415 3270 3517; baseline 0.001 -30"><span class='ocrx_word' id='word_1_182' title='bbox 801 3426 1002 3488; x_wconf 88' lang='lat' dir='ltr'>rator</span> <span class='ocrx_word' id='word_1_183' title='bbox 1030 3442 1207 3488; x_wconf 88' lang='lat' dir='ltr'>usus</span> <span class='ocrx_word' id='word_1_184' title='bbox 1250 3416 1344 3488; x_wconf 89' lang='lat' dir='ltr'>sit</span> <span class='ocrx_word' id='word_1_185' title='bbox 1381 3415 1890 3514; x_wconf 76' lang='lat' dir='ltr'>pernouimUS.</span> <span class='ocrx_word' id='word_1_186' title='bbox 1945 3417 2348 3515; x_wconf 88' lang='lat' dir='ltr'>Postquam</span> <span class='ocrx_word' id='word_1_187' title='bbox 2389 3415 2479 3489; x_wconf 90' lang='lat' dir='ltr'>de</span> <span class='ocrx_word' id='word_1_188' title='bbox 2512 3416 3093 3517; x_wconf 85' lang='lat' dir='ltr'>Amphictyonia</span> <span class='ocrx_word' id='word_1_189' title='bbox 3134 3417 3270 3489; x_wconf 83' lang='lat' dir='ltr'>ite-</span> 
     </span>
     <span class='ocr_line' id='line_1_24' title="bbox 802 3533 3258 3641; baseline 0 -28"><span class='ocrx_word' id='word_1_190' title='bbox 802 3566 970 3613; x_wconf 92' lang='lat' dir='ltr'>rum</span> <span class='ocrx_word' id='word_1_191' title='bbox 1014 3533 1386 3629; x_wconf 78' lang='lat' dir='ltr'>tractauit,</span> <span class='ocrx_word' id='word_1_192' title='bbox 1452 3550 1524 3613; x_wconf 89' lang='lat' dir='ltr'>et</span> <span class='ocrx_word' id='word_1_193' title='bbox 1580 3540 1670 3612; x_wconf 93' lang='lat' dir='ltr'>de</span> <span class='ocrx_word' id='word_1_194' title='bbox 1726 3541 2089 3613; x_wconf 86' lang='lat' dir='ltr'>sententia</span> <span class='ocrx_word' id='word_1_195' title='bbox 2146 3568 2185 3614; x_wconf 84' lang='lat' dir='ltr'>a</span> <span class='ocrx_word' id='word_1_196' title='bbox 2254 3568 2330 3613; x_wconf 94' lang='lat' dir='ltr'>se</span> <span class='ocrx_word' id='word_1_197' title='bbox 2392 3542 2556 3641; x_wconf 89' lang='lat' dir='ltr'>ipso</span> <span class='ocrx_word' id='word_1_198' title='bbox 2619 3541 2696 3614; x_wconf 93' lang='lat' dir='ltr'>in</span> <span class='ocrx_word' id='word_1_199' title='bbox 2765 3551 3021 3615; x_wconf 87' lang='lat' dir='ltr'>senatu</span> <span class='ocrx_word' id='word_1_200' title='bbox 3084 3542 3258 3629; x_wconf 73' lang='lat' dir='ltr'>lata,</span> 
     </span>
     <span class='ocr_line' id='line_1_25' title="bbox 803 3665 3267 3766; baseline 0.001 -30"><span class='ocrx_word' id='word_1_201' title='bbox 803 3673 1023 3763; x_wconf 87' lang='lat' dir='ltr'>atque</span> <span class='ocrx_word' id='word_1_202' title='bbox 1090 3665 1600 3764; x_wconf 85' lang='lat' dir='ltr'>pronuntiauit</span> <span class='ocrx_word' id='word_1_203' title='bbox 1679 3665 2271 3738; x_wconf 87' lang='lat' dir='ltr'>Atheniensibus</span> <span class='ocrx_word' id='word_1_204' title='bbox 2347 3666 3097 3766; x_wconf 87' lang='lat' dir='ltr'>Lacedaemoniisque</span> <span class='ocrx_word' id='word_1_205' title='bbox 3167 3708 3267 3720; x_wconf 96' lang='lat'>—-—</span> 
     </span>
     <span class='ocr_line' id='line_1_26' title="bbox 803 3789 3267 3888; baseline 0 -27"><span class='ocrx_word' id='word_1_206' title='bbox 803 3799 1108 3888; x_wconf 88' lang='lat' dir='ltr'>propter</span> <span class='ocrx_word' id='word_1_207' title='bbox 1156 3800 1485 3861; x_wconf 82' lang='lat' dir='ltr'>ueterem</span> <span class='ocrx_word' id='word_1_208' title='bbox 1546 3789 1822 3888; x_wconf 88' lang='lat' dir='ltr'>patriae</span> <span class='ocrx_word' id='word_1_209' title='bbox 1887 3790 2181 3862; x_wconf 88' lang='lat' dir='ltr'>laudem</span> <span class='ocrx_word' id='word_1_210' title='bbox 2213 3834 2307 3844; x_wconf 90' lang='lat'><strong>—</strong></span> <span class='ocrx_word' id='word_1_211' title='bbox 2348 3789 2854 3863; x_wconf 86' lang='lat' dir='ltr'>distribuenda</span> <span class='ocrx_word' id='word_1_212' title='bbox 2919 3817 3077 3864; x_wconf 86' lang='lat' dir='ltr'>esse</span> <span class='ocrx_word' id='word_1_213' title='bbox 3137 3790 3267 3862; x_wconf 85' lang='lat' dir='ltr'>illa</span> 
     </span>
     <span class='ocr_line' id='line_1_27' title="bbox 805 3912 3261 4014; baseline -0 -28"><span class='ocrx_word' id='word_1_214' title='bbox 805 3912 1154 4010; x_wconf 87' lang='lat' dir='ltr'>suffragia</span> <span class='ocrx_word' id='word_1_215' title='bbox 1201 3939 1390 4012; x_wconf 85' lang='lat' dir='ltr'>quae</span> <span class='ocrx_word' id='word_1_216' title='bbox 1433 3914 1803 3986; x_wconf 86' lang='lat' dir='ltr'>Thessalis</span> <span class='ocrx_word' id='word_1_217' title='bbox 1854 3925 2313 4014; x_wconf 84' lang='lat' dir='ltr'>supererant,</span> <span class='ocrx_word' id='word_1_218' title='bbox 2353 3914 2624 3988; x_wconf 86' lang='lat' dir='ltr'>iterum</span> <span class='ocrx_word' id='word_1_219' title='bbox 2660 3915 2755 3988; x_wconf 89' lang='lat' dir='ltr'>ad</span> <span class='ocrx_word' id='word_1_220' title='bbox 2796 3915 3063 4014; x_wconf 85' lang='lat' dir='ltr'>Pythia</span> <span class='ocrx_word' id='word_1_221' title='bbox 3101 3915 3261 3986; x_wconf 89' lang='lat' dir='ltr'>sine</span> 
     </span>
     <span class='ocr_line' id='line_1_28' title="bbox 801 4036 3263 4138; baseline 0 -28"><span class='ocrx_word' id='word_1_222' title='bbox 801 4036 1115 4110; x_wconf 86' lang='lat' dir='ltr'>transitu</span> <span class='ocrx_word' id='word_1_223' title='bbox 1162 4038 1395 4110; x_wconf 88' lang='lat' dir='ltr'>currit</span> <span class='ocrx_word' id='word_1_224' title='bbox 1446 4063 1870 4136; x_wconf 89' lang='lat' dir='ltr'>poenasque</span> <span class='ocrx_word' id='word_1_225' title='bbox 1913 4038 2175 4111; x_wconf 91' lang='lat' dir='ltr'>indicit</span> <span class='ocrx_word' id='word_1_226' title='bbox 2224 4049 2482 4113; x_wconf 88' lang='lat' dir='ltr'>contra</span> <span class='ocrx_word' id='word_1_227' title='bbox 2533 4066 2657 4112; x_wconf 90' lang='lat' dir='ltr'>eos</span> <span class='ocrx_word' id='word_1_228' title='bbox 2708 4039 2837 4138; x_wconf 90' lang='lat' dir='ltr'>qui</span> <span class='ocrx_word' id='word_1_229' title='bbox 2892 4039 3128 4137; x_wconf 90' lang='lat' dir='ltr'>legem</span> <span class='ocrx_word' id='word_1_230' title='bbox 3168 4037 3263 4111; x_wconf 91' lang='lat' dir='ltr'>de</span> 
     </span>
     <span class='ocr_line' id='line_1_29' title="bbox 802 4145 3264 4260; baseline 0.001 -27"><span class='ocrx_word' id='word_1_231' title='bbox 802 4160 1332 4234; x_wconf 89' lang='lat' dir='ltr'>certaminibus</span> <span class='ocrx_word' id='word_1_232' title='bbox 1389 4163 1703 4260; x_wconf 87' lang='lat' dir='ltr'>positam</span> <span class='ocrx_word' id='word_1_233' title='bbox 1754 4188 1904 4234; x_wconf 92' lang='lat' dir='ltr'>non</span> <span class='ocrx_word' id='word_1_234' title='bbox 1966 4163 2552 4238; x_wconf 88' lang='lat' dir='ltr'>obseruauerint.</span> <span class='ocrx_word' id='word_1_235' title='bbox 2617 4164 2780 4248; x_wconf 86' lang='lat' dir='ltr'>Qua</span> <span class='ocrx_word' id='word_1_236' title='bbox 2822 4145 2927 4236; x_wconf 36' lang='lat' dir='ltr'>&#39;de</span> <span class='ocrx_word' id='word_1_237' title='bbox 2976 4191 3055 4236; x_wconf 88' lang='lat' dir='ltr'>re</span> <span class='ocrx_word' id='word_1_238' title='bbox 3110 4189 3264 4236; x_wconf 91' lang='lat' dir='ltr'>non</span> 
     </span>
     <span class='ocr_line' id='line_1_30' title="bbox 802 4285 3261 4388; baseline 0.001 -30"><span class='ocrx_word' id='word_1_239' title='bbox 802 4285 1052 4358; x_wconf 89' lang='lat' dir='ltr'>omnia</span> <span class='ocrx_word' id='word_1_240' title='bbox 1081 4286 1266 4358; x_wconf 88' lang='lat' dir='ltr'>mihi</span> <span class='ocrx_word' id='word_1_241' title='bbox 1303 4286 1605 4385; x_wconf 87' lang='lat' dir='ltr'>quidem</span> <span class='ocrx_word' id='word_1_242' title='bbox 1636 4288 1854 4386; x_wconf 88' lang='lat' dir='ltr'>plane</span> <span class='ocrx_word' id='word_1_243' title='bbox 1879 4287 2270 4388; x_wconf 87' lang='lat' dir='ltr'>perspicua</span> <span class='ocrx_word' id='word_1_244' title='bbox 2295 4314 2453 4362; x_wconf 90' lang='lat' dir='ltr'>esse</span> <span class='ocrx_word' id='word_1_245' title='bbox 2484 4289 2743 4378; x_wconf 86' lang='lat' dir='ltr'>fateor,</span> <span class='ocrx_word' id='word_1_246' title='bbox 2774 4314 2945 4361; x_wconf 76' lang='lat' dir='ltr'>nam</span> <span class='ocrx_word' id='word_1_247' title='bbox 2985 4286 3261 4361; x_wconf 83' lang='grc' dir='ltr'>πυλαία</span> 
     </span>
     <span class='ocr_line' id='line_1_31' title="bbox 803 4409 3261 4513; baseline 0.002 -31"><span class='ocrx_word' id='word_1_248' title='bbox 803 4437 878 4483; x_wconf 91' lang='grc' dir='ltr'>ιι.</span> <span class='ocrx_word' id='word_1_249' title='bbox 919 4411 963 4482; x_wconf 87' lang='grc'><strong>6</strong></span> <span class='ocrx_word' id='word_1_250' title='bbox 998 4409 1138 4482; x_wconf 92' lang='lat' dir='ltr'>nisi</span> <span class='ocrx_word' id='word_1_251' title='bbox 1170 4410 1260 4483; x_wconf 92' lang='lat' dir='ltr'>de</span> <span class='ocrx_word' id='word_1_252' title='bbox 1291 4421 1663 4484; x_wconf 85' lang='lat' dir='ltr'>conuentu</span> <span class='ocrx_word' id='word_1_253' title='bbox 1695 4411 2395 4486; x_wconf 89' lang='lat' dir='ltr'>hieromnemonum</span> <span class='ocrx_word' id='word_1_254' title='bbox 2426 4413 2758 4511; x_wconf 88' lang='lat' dir='ltr'>intellegi</span> <span class='ocrx_word' id='word_1_255' title='bbox 2789 4440 2940 4486; x_wconf 93' lang='lat' dir='ltr'>non</span> <span class='ocrx_word' id='word_1_256' title='bbox 2967 4422 3207 4513; x_wconf 85' lang='lat' dir='ltr'>potest</span> <span class='ocrx_word' id='word_1_257' title='bbox 3242 4437 3261 4487; x_wconf 71' lang='grc' dir='ltr'>ε</span> 
     </span>
    </p>
   </div>
  </div>
 </body>
</html>
