3692 5643
888 728 980 800 20
1777 754 1868 800 nr.
1922 747 2446 801 sAcssnno‘rmvs·

883 916 1011 979 aut
1040 905 1575 979 Iobacchoru'm
1615 906 1748 978 filii
1784 905 1913 1004 qui
1949 917 2155 1004 patre
2196 906 2585 1004 superstite
2625 905 2687 977 si
2717 905 3048 978 nondum
3086 905 3348 979 Iobac-

883 1031 1004 1103 chi
1042 1041 1115 1104 at
1141 1029 1761 1103 caerimoniarum
1796 1030 2192 1130 participes
2232 1041 2437 1102 erant
2482 1032 2531 1103 ¹.

926 1154 1126 1227 -'Sed
1176 1154 1487 1254 Delphis
1543 1155 2024 1228 uernaculum
2091 1180 2393 1254 prorsus
2450 1180 2790 1253 saporem
2843 1153 3025 1227 illud
3085 1155 3335 1228 habet.

885 1279 1320 1351 Memoriam
1363 1280 1560 1351 enim
1593 1280 1781 1352 acris
1810 1280 2368 1367 adulescentuli,
2405 1305 2625 1376 quem
2657 1279 2735 1351 in
2776 1280 3051 1378 templo
3088 1279 3339 1378 Pythii

882 1403 1145 1476 humili
1194 1403 1629 1476 condicione
1679 1403 2070 1476 educatum
2125 1402 2563 1492 nobilitabat
2612 1402 3011 1501 Euripidea
3056 1403 3332 1492 fabula,

882 1528 1042 1600 fieri
1080 1554 1228 1599 non
1270 1538 1513 1626 potest
1543 1529 1722 1627 quin
1767 1539 2068 1601 reuocet
2097 1554 2259 1601 sera
2290 1528 2491 1599 Ionis
2528 1527 2923 1600 hereditas.
2962 1526 3335 1601 Nimirum

882 1678 972 1724 ex
1002 1652 1388 1725 notissima
1414 1653 1682 1725 eximie
1703 1653 2080 1752 popularis
2101 1664 2359 1751 poetae
2380 1652 2759 1749 tragoedia
2783 1678 3004 1750 quam
3037 1663 3338 1752 propter

880 1775 1129 1848 omnia
1173 1776 1554 1875 delphicae
1596 1778 2053 1875 antiquitatis
2086 1803 2273 1875 quae
2318 1775 2651 1850 continet
2686 1775 3129 1848 documenta
3162 1802 3333 1874 prae

883 1901 1144 1972 ceteris
1197 1900 1347 1972 illic
1398 1901 1737 2001 dilectam
1793 1902 2017 1974 fuisse
2058 1899 2439 2000 probabile
2492 1911 2624 1990 est,
2669 1900 3071 1998 imaginem
3113 1892 3333 1999 quam

879 2024 1329 2096 simillimam
1384 2026 1797 2125 exprimere
1838 2026 2084 2098 conati
2124 2008 2296 2097 sunt
2326 2017 2653 2097 Babbius
2693 2024 3061 2097 Maximus
3101 2027 3334 2096 Aure-

875 2148 1166 2247 liusque
1206 2149 1600 2246 Polyzelus
1638 2161 1711 2221 et
1738 2150 1892 2239 alii,
1935 2150 2239 2249 ingenui
2269 2149 2597 2247 quidem,
2639 2148 2765 2220 sed
2796 2148 2887 2220 ab
2923 2147 3333 2222 incunabu-

876 2272 967 2345 lis
1020 2282 1101 2344 ut
1146 2274 1279 2345 Ion
1332 2273 1494 2346 Deo
1538 2272 1819 2347 deuoti.'
1876 2272 2518 2358 Quemadmodum
2572 2273 2694 2345 ille
2735 2273 3058 2372 proprie,
3109 2273 3215 2345 sic
3255 2273 3331 2377 bi

874 2393 1333 2495 ’συμβολικῶς
1369 2398 1761 2496 Apollonis
1804 2399 2087 2471 alumni
2136 2401 2437 2471 fuerunt
2466 2401 2530 2484 23
2586 2398 2775 2470 sicut
2817 2397 2940 2469 ille
2984 2397 3074 2469 ad
3107 2399 3332 2469 Athe-

874 2520 1244 2620 niensium
1293 2549 1631 2620 regnum,
1667 2524 1767 2596 ita
1814 2523 1891 2595 hi
1927 2523 2018 2597 ad
2058 2523 2428 2613 buleutae,
2487 2523 2884 2609 archontiS,
2930 2522 3329 2594 sacerdotis

876 2670 1144 2717 munus
1195 2622 1534 2735 euasere,
1588 2658 1805 2747 atque
1875 2649 2098 2721 etiam
2163 2648 2570 2719 Maximum
2639 2646 2816 2718 dum
2879 2647 3154 2718 archon
3223 2655 3331 2718 est

874 2769 1195 2842 officium
1237 2796 1453 2842 suum
1488 2766 1985 2869 βασιλεύοντος
2022 2772 2236 2845 titulo
2270 2772 2499 2845 semel
2520 2771 2902 2845 decorasse
2931 2797 3079 2843 non
3107 2771 3328 2843 mira-

874 2893 1143 2967 bimur.

973 3018 1180 3091 Illius
1231 3022 1588 3120 temporis
1644 3023 2009 3109 homines,
2065 3034 2142 3094 ut
2206 3023 2335 3119 qui
2396 3022 2788 3120 praeterita
2845 3009 3321 3119 respicerent,

873 3143 1102 3215 uitam
1142 3170 1292 3215 non
1323 3155 1468 3218 tam
1497 3173 1704 3219 suam
1746 3174 1966 3245 quam
2000 3147 2312 3218 alienam
2352 3157 2424 3218 et
2452 3172 2625 3218 uere
2674 3134 3017 3217 ficticiam
3059 3145 3324 3243 degere

870 3267 1292 3365 cupiebant.
1340 3268 1841 3352 Quamobrem
1891 3273 2149 3370 procul
2193 3270 2419 3343 dubio
2463 3279 2570 3342 est
2619 3269 3073 3341 Nicandrum
3112 3269 3323 3340 illum

870 3426 1093 3497 quem
1134 3401 1571 3475 Plutarchus
1610 3407 1634 3449 3
1676 3404 1922 3476 minus
1961 3415 2295 3477 accurate
2327 3401 2689 3503 προφήτην
2730 3413 2969 3481 uocat,
3007 3401 3322 3474 eundem

868 3523 1093 3634 fuisse
1142 3535 1359 3624 atque
1408 3528 1861 3600 sacerdotem
1904 3528 2067 3600 Tib.
2118 3527 2512 3611 Claudium
2555 3526 3009 3600 Nicandrum
3059 3551 3074 3598 ε
3126 3525 3320 3624 quod

866 3648 1014 3720 iam
1066 3650 1351 3760 pridem
1400 3653 1459 3724 Ι.
1508 3654 1849 3725 Pomtow
1888 3654 2247 3751 sagaciter
2286 3653 2608 3725 coniecit
2639 3653 2690 3724 4.
2725 3652 2818 3723 Et
2855 3653 2996 3723 hoc
3026 3639 3326 3749 quoque*

941 3828 991 3880 1.
1031 3828 1243 3894 Athen.
1271 3830 1496 3885 Mitteil.
1530 3831 1658 3885 XIX
1685 3848 1779 3902 pp.
1805 3833 1908 3884 249
1930 3849 2084 3903 sqq,
2119 3851 2174 3885 u.
2214 3832 2312 3896 54;
2353 3831 2428 3885 cf.
2470 3830 2902 3900 Dittenberger,
2944 3829 3092 3897 Syll.
3135 3829 3318 3883 Inscr.

868 3916 974 3969 Gr.
1016 3917 1140 3984 737,
1172 3918 1306 3972 adn.
1342 3920 1429 3974 37.

936 4005 988 4057 2.
1032 4004 1116 4058 Ita
1149 4008 1410 4061 medicus
1439 4007 1761 4081 ἰατρόμαντις
1786 4015 1903 4071 παῖς
1932 4007 2262 4069 ’Λπόλλωνος
2287 4009 2360 4062 ab
2394 4008 2682 4078 Aeschylo
2714 4006 2928 4060 dicitur
2952 4006 3160 4076 Suppl.
3193 4005 3316 4073 263,

866 4092 973 4145 sed
1024 4096 1192 4165 quasi
1238 4098 1453 4152 artiore
1502 4099 1738 4152 uinculo
1787 4099 1955 4170 pueri
2001 4098 2193 4169 Pythii
2241 4115 2371 4150 cum
2419 4099 2540 4150 Deo
2578 4096 3055 4150 conectebantur.
3113 4095 3317 4165 Neque

866 4197 1079 4234 nomen
1106 4184 1250 4237 illud
1282 4186 1351 4239 ad
1379 4189 1712 4258 exemplum
1741 4188 2128 4240 Romanarum
2162 4187 2306 4256 ἱερῶν
2328 4187 2605 4255 παρθένων,
2630 4185 2668 4239 i.
2703 4202 2754 4238 e.
2784 4184 3076 4254 uirginum
3107 4184 3318 4236 Vesta-

860 4268 1005 4321 lium
1036 4271 1137 4341 (IG
1169 4273 1246 4326 111
1272 4275 1531 4343 875-877)
1560 4277 1633 4330 ab
1658 4276 1897 4348 Delphis
1927 4276 2126 4329 fictum
2156 4291 2288 4328 esse
2320 4274 2461 4327 mihi
2492 4274 2849 4345 persuadere
2871 4290 3132 4344 possum.

945 4366 997 4419 3.
1039 4364 1123 4415 De
1148 4363 1264 4432 def.
1298 4382 1476 4433 orae„
1509 4367 1596 4434 51,
1626 4384 1684 4437 p.
1719 4366 1821 4418 438
1856 4365 1899 4416 B
1932 4381 1944 4418 :
1976 4364 2062 4418 τὸν
2092 4365 2351 4434 προφήτην
2381 4362 2692 4433 Νίκανδρον.

933 4454 987 4508 4.
1028 4454 1184 4507 Neue
1225 4453 1433 4508 Jahrb.
1472 4455 1611 4508 1889
1651 4472 1706 4526 p.
1750 4455 1882 4520 5503
1935 4452 2153 4507 philol.
2201 4451 2327 4504 LIV
2358 4469 2413 4522 p.
2458 4453 2579 4519 597,
2624 4451 2767 4505 adn.
2816 4452 2881 4504 18
2919 4466 2931 4503 :
2984 4465 3315 4520 quanquam

862 4542 1056 4615 paullo
1087 4542 1257 4596 aliter
1277 4543 1522 4596 uerbum
1562 4544 1980 4615 interpretatus
2014 4522 2375 4595 Nicandrum
2401 4558 2516 4594 non
2548 4540 2742 4598 minus
2781 4540 3030 4614 proprie
3054 4538 3312 4608 προφήτην

863 4650 1035 4705 quam
1064 4632 1429 4686 sacerdotem
1461 4632 1576 4686 dici
1609 4632 1874 4704 potuisse
1896 4636 2117 4685 censet.
