3692 5643
795 558 886 628 54
1436 582 1524 627 DE
1576 581 2136 627 AMPmCTYoNVM
2178 566 2598 628 'firmi-:mus

794 761 1026 833 paene
1096 734 1294 805 unici
1366 733 1724 805 momenti
1794 733 2095 821 fuerint,
2181 734 2486 832 propius
2551 733 3010 831 inspicienda
3087 741 3261 803 sunt

793 859 1234 930 documenta
1265 885 1412 956 quo
1454 858 1743 956 planius
1783 858 2166 956 proprium
2199 858 2340 929 nisi
2371 858 2587 929 fallor
2620 858 3054 957 epimeletae
3096 857 3259 927 offi-

795 983 991 1054 cium
1023 983 1454 1055 illustretur.

893 1107 1262 1179 Nimirum
1309 1107 1451 1178 hoc
1494 1106 1678 1177 mihi
1720 1133 2077 1205 perquam
2118 1106 2499 1206 probabile
2700 1115 2854 1177 etur
2900 1107 2976 1177 in
3022 1106 3259 1179 titulis

794 1243 990 1304 certe
1066 1230 1427 1329 delphicis
1475 1232 1943 1329 epimeletam
2011 1232 2136 1303 illo
2203 1232 2363 1330 ipso
2429 1258 2599 1303 nom
2750 1261 2761 1277 ⁸
2821 1231 3257 1330 epimeletae

796 1355 1078 1429 tamdiu
1117 1356 1397 1427 dictum
1419 1382 1575 1427 esse
1603 1356 1955 1453 quamdiu
1985 1356 2792 1452 munerefungebatur,
2824 1382 2972 1427 non
3005 1366 3255 1426 autem

795 1491 1087 1581 postea3
1139 1479 1745 1578 inscriptionibus
1785 1506 1963 1552 uero
2004 1480 2315 1552 aliarum
2357 1480 2769 1551 ciuitatium
2809 1481 3249 1577 dignitatem

796 1604 997 1677 illam
1030 1605 1335 1675 honoris
1367 1630 1582 1676 causa
1611 1606 1947 1676 reuocari
1983 1605 2307 1702 potuisse
2341 1604 2562 1676 etiam
2601 1631 2774 1676 cum
2813 1604 3251 1676 iamdudum

799 1728 1188 1801 defunctus
1228 1739 1383 1800 erat
1417 1728 1656 1801 officio
1689 1729 2103 1827 epimeleta.

894 1854 1404 1951 Magistratum
1437 1854 1635 1924 enim
1679 1880 1827 1924 non
1860 1865 2326 1952 perpetuum,
2364 1880 2511 1925 non
2538 1844 2648 1925 διὰ
2675 1850 2825 1951 βίου
2860 1852 3249 1924 habemus,

797 1976 1012 2061 Quod
1072 2004 1164 2049 ne
1222 1976 1414 2049 dicat
1477 1977 1640 2074 quis
1692 1977 1997 2049 minime
2071 1978 2534 2077 inopinatum
2609 2004 2765 2049 esse
2828 2004 2912 2049 ac
2979 2004 3111 2076 per
3170 2003 3247 2047 se

796 2103 1295 2190 manifestum,
1330 2102 1501 2199 quia
1534 2102 2127 2199 Amphictyones
2161 2103 2235 2173 in
2277 2128 2553 2174 annum
2582 2103 2813 2173 creari
2845 2102 3043 2173 soliti
3075 2102 3247 2173 sint.

795 2228 984 2298 Nam
1025 2254 1116 2299 ne
1153 2252 1337 2325 opus
1378 2227 1678 2323 quidem
1707 2237 1815 2297 est
1846 2253 2077 2323 usque
2105 2225 2194 2298 ad
2217 2237 2559 2323 quartum
2593 2237 2759 2298 ante
2797 2226 2973 2298 Chr.
3005 2253 3251 2297 saecu-

795 2353 949 2422 lum
992 2351 1306 2449 regredi,
1351 2378 1500 2449 quo
1544 2351 2192 2422 hieromnemones
2236 2351 2520 2448 aliquot
2569 2351 3080 2449 magistratum
3125 2378 3254 2449 per

762 2487 1076 2574 -septem
1120 2476 1239 2546 uel
1280 2486 1445 2547 octo
1485 2502 1719 2546 annos
1759 2475 2278 2546 continuantes
2317 2475 2667 2547 uidimus.
2715 2477 2955 2546 Immo
2999 2502 3252 2547 exem-

791 2602 996 2699 plum
1065 2600 1247 2671 illud
1316 2598 1753 2671 reducamus
1827 2625 1841 2671 ε
1916 2600 2291 2697 quomodo
2362 2601 2714 2671 Petraeus
2777 2600 2892 2671 bis
2960 2600 3251 2697 magnis

796 2725 1084 2821 Pythiis
1122 2750 1454 2824 praeesse
1496 2726 1513 2768 ¹
1559 2724 1941 2823 potuisset,
1984 2725 2045 2794 si
2077 2750 2364 2796 annuus
2407 2724 2715 2796 fuisset?

892 2850 1228 2922 Primum
1293 2849 1854 2921 meminerimus
1903 2861 2194 2948 oportet
2247 2851 2398 2920 fere
2434 2850 2713 2921 nullam
2759 2877 2913 2920 rem
2959 2861 3249 2947 praeter

791 2974 1062 3072 Pythia
1109 2974 1506 3046 concilium
1560 2975 2240 3072 amphictyonicum
2324 2985 2499 3046 tunc
2567 3001 2790 3072 opera
2864 2985 2935 3045 et
2999 2975 3246 3047 studio

793 3099 1143 3197 prosequi
1181 3097 1481 3170 solitum
1527 3124 1709 3169 esse.
1768 3097 1984 3181 Quod
2027 3108 2360 3185 testatur,
2426 3109 2505 3169 ut
2554 3099 2992 3170 Plutarchea
3031 3125 3252 3197 opus-

797 3224 962 3295 cula
992 3233 1062 3294 et
1108 3224 1537 3321 praesertim
1584 3219 2038 3320 συμποσιακά
2127 3222 2733 3320 praetermittam,
2793 3250 3060 3321 magna
3123 3224 3250 3296 illa
3291 3319 3296 3324 ὁ

797 3347 1157 3418 Hadriani
1194 3347 1505 3444 epistula
1548 3347 1757 3419 cuius
1807 3349 2218 3444 fragmenta
2268 3373 2442 3418 mox
2477 3347 2809 3446 perleges
2860 3372 2872 3418 :
2931 3348 3021 3419 de
3076 3375 3250 3419 con-

797 3481 1026 3543 uentu
1049 3471 1246 3542 enim
1272 3472 1966 3543 hieromnemonum
1986 3482 2056 3542 et
2088 3472 2177 3542 de
2210 3472 2403 3542 ludis
2437 3483 2582 3543 tam
2608 3472 3025 3569 promiscue
3062 3473 3252 3544 dixit

795 3596 1196 3695 imperator
1232 3606 1312 3667 ut
1353 3622 1575 3667 unam
1617 3597 2074 3694 eandemque
2122 3598 2503 3668 materiem
2541 3596 2964 3668 tractauisse
3002 3595 3252 3669 uidea-

795 3731 937 3793 tur.
998 3722 1192 3819 Ergo
1245 3721 1410 3792 iam¹
1451 3747 1583 3818 per
1638 3747 1714 3792 se
1778 3721 2181 3820 uerisimile
2245 3722 2547 3818 quidem
2608 3731 2762 3792 erat
2819 3721 3250 3818 epimeletas

795 3845 1434 3943 Amphictyonum
1493 3855 1660 3916 ante
1721 3846 1970 3916 omnia
2030 3845 2221 3916 ludis
2286 3845 2745 3917 celebrandis
2789 3845 3250 3943 praepositos

795 3970 1064 4055 fuisse;
1146 3968 1272 4041 sed
1362 3979 1740 4066 praeterea
1828 3971 2228 4041 nonnullos
2331 3981 2527 4041 certe
2647 3997 2905 4041 eorum
2986 3996 3248 4040 reuera

797 4092 1236 4191 ἀγωνοθέτας
1269 4095 1493 4166 fuisse
1525 4095 2026 4193 comperimus
2065 4126 2077 4166 :
2120 4095 2555 4167 nominandi
2586 4095 2660 4165 in
2701 4095 2960 4194 primis
2992 4095 3247 4193 Mega-

832 4373 881 4429 1,
927 4370 969 4425 Ι.
1007 4370 1296 4440 Pomtow,
1332 4372 1371 4423 l.
1417 4372 1456 4428 l.
