3692 5643
791 598 887 668 38
1700 620 1788 665 DE
1841 618 2333 667 ancnoN‘rmvs

788 782 1151 855 laudatur.
1204 782 1488 880 Nempe
1530 779 1917 860 Bacchius.
1961 807 2000 852 a
2043 780 2232 852 Gaio
2267 779 2655 879 adoptatus
2699 769 2880 877 (καθ’
2929 777 3243 851 ὑοθεσίαν

791 934 863 980 u.
910 908 937 977 1
988 932 1122 1006 per
1177 904 1703 1004 compendium
1754 905 2110 1003 scriptum
2156 902 2344 996 fuit),
2377 903 2663 1002 primus
2700 904 2803 977 M.
2853 903 3239 975 Aurelium

789 1030 1042 1103 docuit
1068 1028 1197 1129 qui
1227 1027 1689 1127 gratissimus
1713 1027 2123 1128 discipulus
2162 1027 2228 1100 ei
2259 1037 2504 1125 grates
2533 1027 2681 1125 egit
2710 1028 2801 1125 (Ι,
2833 1027 2985 1125 26).
3015 1026 3242 1099 Gaius

788 1180 969 1227 uero
1024 1154 1443 1253 praeclarus
1502 1153 1628 1224 ille
1704 1162 1814 1224 est
1873 1134 2288 1252 platonicus
2345 1177 2566 1251 quem
2634 1177 2858 1250 supra
2937 1149 3093 1222 dixi
3160 1176 3241 1223 ac

790 1277 1129 1350 diuersus
1182 1303 1224 1349 a
1277 1276 1612 1350 Xenonis
1663 1276 2048 1348 cuiusdam
2115 1276 2268 1348 filio
2325 1276 2453 1374 qui
2512 1274 2893 1372 sexaginta
2948 1275 3242 1347 circiter

786 1402 1000 1474 annis
1065 1412 1279 1475 antea
1344 1402 1754 1476 honoratus
1830 1411 1939 1472 est
1973 1402 2022 1472 ¹.
2090 1402 2182 1473 Et
2249 1399 2546 1473 Bacchii
2621 1403 2831 1501 pater
2886 1400 3239 1498 Tryphon

790 1537 1090 1626 propter
1121 1526 1475 1625 temporis
1510 1524 1987 1598 *interuallum
2019 1552 2167 1597 non
2211 1525 2406 1597 idem
2441 1535 2549 1598 est
2578 1551 2663 1599 ac
2702 1522 2977 1596 stoicus
3016 1524 3242 1622 plato-

792 1650 1148 1750 nicusque
1197 1676 1239 1722 a
1283 1648 1702 1751 porphyrio
1741 1649 2154 1722 celebratus
2189 1652 2241 1722 ².

889 1775 1210 1865 Zosim0,
1273 1774 1812 1881 Charopinixf„
1870 1774 2184 1847 alterum
2252 1800 2524 1846 nomen
2584 1785 2762 1860 erat,
2829 1773 3243 1873 praeposita

789 1912 892 2002 τῷ
932 1908 1050 1981 καὶ
1088 1908 1405 1981 formula
1469 1918 1549 1980 ut
1604 1906 1907 1996 solebat,
1969 1907 2166 2007 quod
2226 1899 2656 2006 Σω[τ]ί[μῳ]
2738 1907 2965 1979 fuisse
3046 1906 3240 2004 (nam

795 2032 1102 2130 uestigia
1136 2033 1421 2107 litterae
1463 2033 1496 2103 1
1538 2057 1654 2103 me
1699 2031 1974 2104 uidisse
2007 2033 2214 2131 puto)
2241 2030 2665 2109 dubitanter
2702 2057 3066 2131 propono.
3103 2030 3244 2103 Sed

798 2156 985 2227 nihil
1030 2166 1313 2229 certum
1367 2155 1456 2227 de
1516 2181 1604 2260 eo
1652 2167 1778 2227 aut
1834 2155 1926 2229 de
1975 2158 2263 2244 ceteriS,
2327 2156 2783 2229 Atheniense
2842 2154 3122 2227 scilicet
3178 2165 3246 2227 et

793 2280 1094 2352 Mallota
1127 2283 1180 2369 3,
1243 2283 1617 2383 comperi3
1685 2280 2043 2353 Claudius
2110 2281 2307 2352 enim
2364 2281 2823 2353 Nicostratus
2879 2279 3039 2351 fieri
3097 2305 3244 2350 non

792 2413 1034 2503 potest
1068 2415 1147 2476 ut
1196 2403 1395 2477 idem
1433 2405 1656 2478 fuerit
1699 2406 1826 2503 qui
1872 2405 2189 2478 Anthol.
2236 2405 2342 2479 XI
2384 2405 2526 2477 354
2572 2403 3021 2476 nominatur.

893 2634 1260 2719 Quattuor
1331 2635 1636 2733 insuper
1701 2645 1953 2713 extant
2002 2636 2439 2709 archontum
2509 2635 2816 2708 nomina
2890 2660 3078 2732 quos
3157 2634 3250 2707 ad

795 2761 1096 2832 alteram
1147 2769 1430 2858 partem
1480 2760 1779 2832 alterius
1835 2759 2108 2832 saeculi
2164 2761 2519 2850 referam3
2578 2758 2707 2832 sed
2765 2758 2826 2832 si
2881 2785 3074 2832 unus
3127 2769 3252 2831 aut

794 2885 977 2955 alter
1021 2910 1251 2983 usque
1292 2884 1368 2956 in
1409 2885 1691 2985 primos
1732 2884 1929 2966 tertii
1978 2911 2211 2958 annos
2250 2884 2679 2957 demittetur
2714 2886 2833 2956 uel
2874 2896 3131 2956 contra
3169 2883 3246 2955 in

794 3009 1089 3081 Traiani
1124 3008 1579 3081 Hadrianiue
1618 3008 2116 3108 principatum
2152 3020 2346 3081 retro
2387 3008 2804 3095 reducetur,
2844 3034 2995 3079 non
3044 3008 3255 3106 equi-

795 3131 966 3204 dem
1060 3133 1524 3234 repugnabo,
1594 3119 1887 3205 ¹nedum
1968 3134 2324 3233 cuiusque
2407 3160 2684 3206 annum
2757 3131 3251 3204 determinare

780 3255 1133 3359 audeam.
2067 3251 2071 3255 Α
2860 3265 2867 3270 ’

893 3380 1056 3453 Tib.
1114 3392 1359 3454 tamen
1432 3383 1705 3454 Iulium
1775 3383 2129 3455 Assidum
2198 3394 2270 3454 et
2330 3383 2720 3455 Aurelium
2772 3382 3250 3480 Cleopatrum

795 3505 969 3577 satis
1006 3505 1316 3579 fidenter
1344 3506 1591 3581 tribuo
1622 3507 2083 3611 temporibus
2125 3508 2703 3582 Antoninorum.

868 3783 919 3835 1.
961 3781 1050 3836 Cf.
1080 3781 1381 3836 decretum
1418 3801 1471 3853 p.
1506 3785 1574 3837 29
1606 3784 1995 3854 descriptum.

866 3872 915 3923 2.
968 3871 1124 3923 Vitae
1153 3871 1306 3925 Plot.
1339 3872 1491 3927 XVI.

868 3960 920 4013 3.
963 3958 1233 4031 Μαλλώτῃ
1280 3960 1337 4012 in
1379 3962 1568 4032 spatio
1613 3961 1767 4014 inter
1813 3980 1869 4016 u.
1917 3963 1947 4014 3
1987 3968 2046 4016 et
2097 3964 2129 4015 4
2167 3980 2282 4015 non
2325 3962 2598 4033 expedite
2652 3962 2888 4031 legitur,
2942 3961 3258 4031 dispicitur

798 4053 1011 4101 tamen.
1052 4048 1326 4102 Fortasse
1362 4050 1666 4119 putaueris
1695 4050 1862 4103 illum
1898 4051 2309 4105 Cornelianum
2340 4068 2475 4105 esse
2514 4052 2605 4104 cui
2637 4050 3005 4119 Phrynichus
3036 4050 3252 4102 librum

757 4125 763 4131 ”
794 4135 1087 4189 dedicauit
1129 4153 1141 4190 ε
1177 4136 1252 4191 cf.
1284 4138 1641 4210 Prosopoqr.
1678 4138 1699 4189 Ι
1748 4156 1806 4209 p.
1855 4139 1979 4193 438.
2015 4140 2171 4193 Bene
2203 4142 2361 4193 enim
2392 4146 2625 4210 tempus
2658 4140 2936 4192 conuenit
2984 4138 3255 4209 quando-

794 4224 1032 4295 quidem
1071 4225 1222 4278 hunc
1257 4225 1330 4278 ab
1361 4226 1632 4296 epistulis
1667 4227 1742 4280 M.
1786 4229 2008 4281 Aurelii
2039 4234 2098 4282 et
2132 4228 2440 4282 Commodi
2470 4229 2652 4282 fuisse
2681 4232 2931 4281 constat.
2957 4226 3074 4280 Sed
3101 4226 3154 4279 si
3182 4243 3249 4279 ea

797 4315 1117 4384 acceperiS,
1155 4332 1270 4367 non
1315 4321 1475 4368 certe
1532 4315 1985 4370 confundendus
2034 4319 2145 4370 erit
2191 4320 2285 4371 hic
2332 4336 2464 4371 cum
2507 4317 2903 4387 Metrophanis
2945 4316 3252 4387 sophistae

795 4409 960 4474 patre
989 4418 1162 4474 quem
1195 4402 1462 4457 Lebadea
1487 4409 1679 4456 ortum
1712 4404 1894 4459 fuisse
1926 4412 2176 4460 testatur
2205 4407 2437 4461 SuidaS.

3621 3123 3633 3456 ⁴„ss.—-.‚..,--„
