3692 5643
1151 1290 1586 1372 CAPVT
1688 1226 2329 1375 ALTERVM

555 1848 671 1912 DE
758 1847 1434 1912 IMPERATORVM
1526 1846 2125 1913 ROMANORVM
2198 1847 2391 1913 CVM
2473 1847 2895 1913 CIVITATE

673 1975 684 1981 “
839 1962 1308 2027 DELPHICA
1368 1955 2031 2028 'EPISTVLARVM
2108 1963 2654 2029 COMMERCIO

608 2230 990 2301 Materiam
1025 2228 1145 2301 hic
1172 2230 1478 2300 tentari¹
1522 2233 1754 2327 paene
1793 2226 2283 2327 periculosam
2311 2229 2458 2300 iam
2514 2230 2958 2326 significatui,

511 2381 683 2426 mox
715 2381 891 2425 uero
925 2354 1214 2451 planius
1247 2354 1672 2452 experieris,
1709 2354 2211 2451 Epistularum
2254 2355 2450 2425 enim
2494 2354 2959 2451 potissimum

511 2479 602 2550 ab
648 2478 1219 2576 imperatoribus
1264 2479 1354 2549 ad
1396 2479 1729 2577 Delphos
1777 2479 2168 2550 missarum
2210 2505 2395 2576 quae
2436 2479 2511 2549 in
2559 2478 2964 2577 parietibus
3068 2540 3076 2547 .

509 2603 705 2674 aedis
738 2603 1012 2674 incisae
1050 2615 1256 2674 erant
1286 2630 1377 2673 ne
1411 2629 1553 2674 una
1588 2602 1889 2700 quidem
1931 2613 2347 2674 asseruatur
2380 2603 2689 2699 integra.
2730 2603 2964 2674 Multa

507 2726 808 2826 quidem
839 2729 1249 2835 fragmenta
1276 2753 1493 2798 sensu
1530 2752 1728 2798 cassa
1761 2731 1947 2824 quae
1974 2728 2074 2798 ita
2114 2752 2559 2826 componere
2592 2738 2671 2799 ut
2705 2753 2964 2799 uersus

506 2853 779 2949 aliquot
822 2853 1137 2924 restituti
1178 2854 1787 2925 continuarentur
1831 2852 1988 2923 solo
2030 2863 2463 2950 ect'yporum
2507 2853 2780 2924 auxilio
2811 2879 2958 2925 non

500 2977 709 3075 potui
732 3004 927 3049 nunc
959 2977 1174 3048 edere
1202 3004 1517 3074 nequeo,
1551 2975 1694 3049 Sed
1722 2975 1811 3047 de
1848 2977 1952 3047 eis
1980 2977 2201 3048 etiam
2227 3003 2415 3075 quae
2447 2975 2638 3049 dabo
2666 2978 2960 3048 ueniam

501 3112 750 3199 petere
809 3128 1108 3173 necesse
1166 3101 1428 3172 habeo,
1499 3102 1686 3172 Nam
1743 3101 2001 3172 mutila
2062 3102 2403 3199 supplere
2463 3127 2686 3198 quam
2745 3127 2961 3200 saepe

499 3236 802 3297 conatus
843 3227 978 3297 sim
1030 3252 1174 3296 non
1220 3226 1592 3323 professus
1638 3225 1869 3296 multa
1908 3225 2392 3297 transcribam
2433 3251 2692 3296 manca
2742 3235 2961 3323 atque

498 3350 951 3447 imperfecta.
1009 3348 1417 3446 Oportebat
1471 3360 1715 3419 tamen
1772 3374 1995 3444 quam
2044 3349 2396 3420 citissime
2456 3375 2750 3446 possem
2797 3350 2957 3420 lon—

494 3474 750 3570 ginqui
791 3474 1213 3569 assiduique
1254 3472 1449 3544 illius
1485 3475 1966 3570 epistularum
2009 3473 2435 3544 commercii
2465 3473 2693 3570 ‘quasi
2742 3499 2957 3545 cons-

500 3613 800 3694 pectum
897 3597 1351 3712 praeberem.
1445 3598 1815 3669 Nonnulla
1890 3598 2108 3669 etiam
2185 3596 2413 3668 uerba
2495 3598 2680 3668 scitu
2762 3597 2957 3668 haud

497 3721 826 3819 indigna,
864 3732 942 3792 ut
980 3748 1166 3818 quae
1201 3749 1239 3793 a
1275 3722 1588 3793 Traiano
1619 3721 2143 3819 Hadrianoque
2172 3722 2440 3793 dictata
2472 3722 2642 3808 sint,
2674 3747 2956 3793 nouum

497 3846 847 3942 quiddam
888 3857 960 3918 et
998 3846 1363 3945 peculiare
1409 3846 1746 3918 redolent
1776 3873 1924 3944 quo
1970 3847 2250 3944 proprii
2286 3846 2671 3943 utriusque
2711 3872 2955 3918 mores

492 3969 816 4067 penitius
847 3970 1477 4067 introspiciantur.
1514 3971 1856 4068 Denique
1888 3981 1959 4041 et
1985 3971 2126 4041 uiri
2160 3971 2356 4041 docti
2398 3970 2486 4041 de
2527 3971 2955 4068 fragmentis

561 4231 606 4279 1.
650 4211 907 4298 Tempus
928 4228 1203 4281 laudandi
1238 4229 1422 4281 libelli
1450 4246 1564 4282 non
1592 4230 1998 4299 praetermitto
2023 4247 2137 4300 quo
2154 4229 2216 4283 L.
2248 4228 2568 4282 Lafoscade
2587 4229 2657 4280 de
2687 4228 2955 4298 epistulis

490 4320 663 4387 impp.
695 4318 1256 4388 mayistraluumque
1287 4337 1433 4371 rom.
1466 4319 1704 4371 Parisiis
1752 4320 1889 4370 1902
1915 4318 2366 4389 diligentissime
2397 4318 2673 4371 disseruit
2724 4335 2736 4371 :
2772 4335 2955 4388 quan-

496 4425 666 4476 quam
698 4423 792 4459 res
824 4407 1137 4460 admodum
1170 4407 1403 4460 diuersa
1430 4407 1549 4459 illic
1579 4412 1880 4464 tractatur.
