3692 5643
1239 791 1241 793 ,
1295 738 1382 783 DE
1438 736 1950 784 IMPERATORVM
2003 736 2360 784 ErlsTvms
2951 712 3035 782 61

598 900 829 961 tutam
885 889 1306 961 Hadrianus
1353 890 1467 960 bis
1520 890 1881 988 respexit,
1947 890 2264 971 mutauit
2307 901 2550 960 tamen
2609 889 2825 959 sicuti
2877 915 3051 960 mox

598 1013 1041 1085 uidebimus.
1090 1016 1296 1085 Duos
1337 1014 1562 1110 igitur
1592 1024 1878 1086 tantum
1926 1015 2178 1085 titulos
2225 1013 2343 1084 hic
2388 1012 2674 1084 adferre
2703 1039 3043 1111 possum,

595 1138 764 1208 licet
801 1149 1109 1235 uterque
1161 1140 1306 1210 iam
1349 1139 1784 1209 notissimus
1826 1138 2010 1208 mihi
2044 1138 2406 1209 uideatur.

607 1350 612 1357 υ
694 1262 909 1332 Prior
949 1262 1026 1332 in
1082 1264 1492 1360 fragmento
1541 1262 1804 1360 lapidis
1865 1264 2045 1333 calc.
2110 1261 2545 1359 leucophaei
2608 1261 2885 1333 incisus
2941 1272 3051 1333 est

601 1386 700 1483 (n.
748 1387 918 1484 904)
964 1387 1171 1458 cuius
1211 1388 1412 1458 nulla
1460 1413 1713 1484 margo
1754 1387 1895 1458 nisi
1946 1413 2266 1484 superna
2320 1397 2690 1457 asseruata
2746 1397 2877 1457 est.
2934 1385 3047 1471 Ibi

593 1511 938 1607 leguntur
962 1512 1098 1582 hae
1131 1510 1416 1582 litterae
1460 1537 1474 1583 :

1159 1697 1678 1759 ΝΤΩΝΑΜΦΙ
1966 1696 2410 1761 ΤΟΚΟΙΝΟ

1159 1803 1680 1867 ΝΛΕΥΚΙΟΝ
1815 1818 1832 1829 *
1974 1804 2322 1866 ΙΟΥΛΙΑ

1237 1909 1630 1972 ΛΙ””“Λ’“’Λ
1968 1911 2015 1972 5

692 2060 904 2142 Quod
948 2060 1376 2131 iamdudum
1425 2087 1857 2159 persuasum
1898 2061 2123 2132 habui
2154 2061 2338 2131 nihil
2383 2060 2582 2132 aliud
2623 2086 2780 2131 esse
2825 2087 3046 2158 quam

595 2185 888 2255 titulum
925 2185 1051 2282 qui
1097 2211 1136 2256 a
1178 2186 1491 2282 (Jyri'aco
1533 2186 1942 2282 descriptus
1986 2211 2181 2255 nunc
2227 2185 2398 2258 CIG
2435 2187 2620 2256 1712
2677 2196 2895 2256 extat.
2946 2188 3037 2256 A.

596 2308 787 2378 enim
834 2310 1164 2397 Boeckh5
1187 2310 1376 2380 miro
1399 2292 1552 2406 'quo
1590 2311 1694 2380 uti
1736 2311 1995 2381 solitus
2033 2321 2141 2380 est
2169 2310 2536 2395 acumine,
2581 2336 2670 2380 ex
2698 2309 3047 2380 indiscre-

595 2433 686 2504 tis
735 2433 1135 2531 apographi
1178 2436 1515 2505 uersibus
1551 2435 1733 2506 duos
1777 2435 2024 2505 titulos
2075 2460 2306 2532 paene
2348 2433 2626 2504 similes
2666 2432 2739 2503 in
2784 2432 3043 2504 eodem

592 2557 831 2655 lapide
850 2558 1255 2655 insculptos
1282 2559 1504 2629 fuisse
1532 2559 1978 2657 peruiderat.
2001 2558 2214 2640 Quod
2245 2569 2490 2628 autem
2514 2558 2602 2628 de
2627 2557 2710 2628 C.
2732 2557 3044 2628 Caesare

593 2682 983 2778 cogitauit,
1051 2709 1198 2753 non
1263 2683 1380 2754 hic
1433 2684 1743 2771 errauit,
1814 2683 1941 2753 sed
2001 2683 2121 2753 ille
2184 2683 2313 2779 qui
2380 2682 2663 2781 primus
2720 2681 3043 2779 lapidem

591 2806 1003 2904 descripsit.
1067 2808 1320 2904 Neque
1377 2807 1967 2879 emendationem
2025 2807 2599 2879 Muratorianam
2651 2797 3042 2902 {ledono-‘cosp

591 2924 761 3026 υἱὸν]
827 2931 1041 3002 nobis
1096 2932 1834 3030 quidem.probauit,
1902 2934 2028 3003 sed
2096 2932 2469 3029 quomodo
2523 2930 3042 3027 corrigendum

591 3065 782 3125 esset
815 3055 1125 3126 uerbum
1158 3083 1197 3126 a
1225 3041 1537 3154 Cyriaco
1565 3056 1839 3127 lectum
1869 3056 2248 3127 indicauit.
2290 3057 2477 3126 Nam
2507 3054 3040 3158 restituendum

591 3204 856 3250 CCHSGO
896 3206 909 3251 ἶ

656 3382 681 3400 ·
771 3358 884 3444 [Τὸ
922 3359 1139 3445 κυνῆν
1179 3371 1293 3426 τῶν
1339 3360 1549 3447 Ἀμφι-
1689 3364 1773 3428 Tb
1805 3362 2023 3448 κοινὶ[ν
2058 3373 2172 3427 τῶν
2215 3360 2681 3447 Ἀμφικτυόνων]

770 3473 1079 3560 [κτυὲνω]ν
1119 3477 1370 3542 Λεύκιον
1697 3477 1978 3564 Ἰουλίαζν
2012 3479 2100 3542 Μ.
2153 3476 2458 3562 Ἀγρίππα
2489 3474 2807 3560 θυγατέρα]

770 3589 1052 3675 [Ἰούλιον
1105 3590 1408 3679 Κ]αίσαρα
1688 3593 2016 3679 Σ[ε6αστοῢ
2060 3591 2327 3677 υἰωνήν.]

591 3756 929 3853 Denique
968 3748 1403 3853 [Ἀπόλλωνι
1445 3750 1714 3855 Πυθίῳ]
1762 3760 1960 3856 quod
2002 3761 2158 3830 sine
2199 3759 2426 3830 dubio
2458 3758 2570 3828 bis
2602 3756 3038 3853 inscriptum

588 3890 764 3966 erat,
798 3882 846 3952 i.
886 3908 949 3952 e.
986 3882 1210 3952 semel
1244 3881 1378 3952 sub
1410 3893 1723 3979 utroque
1753 3873 2080 3954 nomine.

684 4005 996 4076 Duobus
1036 4006 1257 4102 igitur
1299 4007 1400 4077 Μ.
1457 4008 1829 4106 Agrippae
1868 4020 1938 4079 et
1989 4009 2217 4080 Iuliae
2267 4009 2456 4105 Aug.
2504 4007 2555 4078 f.
2607 4005 2857 4104 pueris
2898 4014 3040 4074 sta-

585 4139 743 4198 tuas
787 4140 1247 4201 consecratas
1292 4158 1448 4202 esse
1500 4142 1704 4228 pum,
1755 4133 1956 4229 quod
1998 4135 2224 4204 altero
2266 4133 2476 4204 titulo
2528 4131 3032 4201 confirmatur.

588 4250 870 4348 Spectat
909 4255 1106 4324 enim
1143 4254 1233 4326 ad
1270 4256 1573 4326 alteram
1610 4258 1710 4327 M.
1750 4258 2123 4355 Agrippae
2155 4259 2382 4328 filiam
2410 4254 2791 4352 inscriptio
2827 4250 3038 4323 cuius

584 4375 877 4448 sinistra
930 4404 1099 4476 pars
1147 4379 1423 4451 Athen.
1463 4380 1769 4452 Mitteil.
1806 4383 1875 4452 V
1902 4408 1973 4479 p.
2015 4383 2151 4453 197
2190 4382 2383 4453 edita
2433 4392 2565 4466 est,
2604 4404 2802 4449 nunc
2856 4401 3034 4449 uero

369 4499 378 4506 ⁸
489 4571 496 4578 ,
584 4500 1138 4600 adiungendum
1180 4514 1288 4574 est
1327 4505 1822 4600 fragmentum
1861 4532 1934 4576 n.
1984 4508 2173 4577 3809
2212 4532 2225 4578 ε
