3692 5643
834 640 926 710 98
1861 662 2248 710 CoNcm'slo

828 816 1266 889 soluendum
1291 842 1721 888 concessum
1750 842 1934 888 esse.
1964 815 2207 914 Atque
2239 816 2488 889 omnia
2533 815 2863 887 nondum
2899 817 3285 887 enucleare

829 966 1172 1041 possum:
1242 942 1423 1012 haec
1492 950 1686 1012 certe
1754 939 2065 1012 dicenda
2131 965 2319 1037 quae
2397 941 2624 1012 uitam
2682 940 2915 1039 ipsam
2989 940 3287 1038 penitus

829 1064 1387 1139 consumebant.
1434 1054 1887 1163 Ὀλιγανδρία
1932 1064 2217 1136 scilicet
2235 1064 2362 1136 illa
2384 1091 2569 1162 quae
2588 1064 2735 1137 iam
2758 1074 2940 1136 teste
2969 1063 3286 1162 Polybio

830 1190 1215 1263 Graeciam
1292 1189 1614 1289 perdidit
1676 1189 1883 1260 nullo
1959 1188 2289 1262 remedio
2347 1188 2598 1261 sanari
2656 1199 3034 1288 potuerat:
3110 1188 3283 1260 inde

829 1316 1157 1388 aduenae
1220 1315 1347 1412 qui
1407 1325 1713 1386 munera
1774 1314 1848 1385 in
1914 1313 2209 1386 ciuitate
2267 1341 2416 1386 non
2475 1340 2605 1386 sua
2649 1314 3276 1413 adipiscebantur.

830 1439 1042 1512 Adde
1091 1440 1289 1537 quod
1343 1439 1734 1537 dignitates
1794 1439 1873 1510 in
1926 1438 2197 1537 quibus
2241 1439 2708 1511 constitimus
2771 1439 3044 1537 quippe
3098 1465 3283 1538 quas

832 1565 1096 1637 Graeci
1177 1575 1347 1636 tunc
1424 1564 1697 1635 eximio
1785 1590 2034 1635 amore
2109 1564 2479 1662 prosecuti
2555 1562 2704 1635 sint
2773 1590 2921 1635 non
3002 1564 3278 1636 liberae

828 1688 1148 1761 ciuitatis
1201 1689 1346 1759 iam
1407 1688 1733 1760 instituta
1811 1698 2018 1760 erant
2080 1688 2207 1760 sed
2288 1689 2475 1760 nihil
2551 1687 2748 1760 aliud
2797 1715 3019 1786 quam
3090 1707 3281 1760 uana

825 1813 1253 1911 ludicraque
1290 1813 1590 1885 nomina
1622 1814 2067 1913 quibuscum
2102 1839 2360 1885 reuera
2396 1813 2851 1911 congruebat
2874 1814 3085 1885 nihil.
3127 1812 3282 1884 Ioci

825 1949 1068 2010 autem
1094 1950 1166 2009 et
1181 1965 1403 2010 uoces
1421 1965 1508 2009 ex
1528 1938 1872 2009 thesauro
1892 1937 2349 2035 antiquitatis
2376 1938 2858 2036 depromptae
2878 1937 3278 2034 imaginem

729 2052 738 2057 ’
825 2062 1221 2159 quamdam
1273 2062 1523 2135 uiuam
1585 2063 1872 2135 efficere
1937 2089 2082 2134 non
2153 2073 2537 2161 poterant3
2621 2062 2869 2161 itaque
2944 2063 3274 2160 porticus

824 2188 992 2259 illae
1049 2198 1267 2285 atque
1339 2188 1464 2259 illa
1529 2187 1858 2260 aedificia
1924 2186 2196 2285 quibus
2265 2174 2547 2285 *Pylaea
2613 2186 3049 2286 splendebat
3120 2213 3271 2258 non

825 2314 1057 2384 multo
1101 2314 1334 2411 magis
1387 2313 1731 2384 ualebant
1769 2339 1993 2410 quam
2034 2313 2534 2384 restitutiones
2569 2313 2659 2385 ab
2715 2312 3128 2385 architectis
3208 2323 3285 2383 et

824 2437 1322 2537 ἀρχαιολὸγοις
1378 2438 1453 2510 in
1478 2439 1725 2510 charta
1752 2438 2185 2510 delineatae.
2214 2438 2417 2511 Nihil
2445 2439 2644 2509 enim
2672 2438 3280 2538 obstare-poterat

824 2563 1004 2660 quin
1054 2563 1480 2635 illaberetur
1543 2565 1905 2662 templum
1958 2564 2365 2661 umbraque
2430 2564 2848 2663 uespertina
2903 2564 3282 2663 Apollinis

826 2687 1076 2759 sedem
1114 2687 1563 2761 obscuraret.

3666 518 3671 573 *n
3648 346 3672 495 ᾼᾼᾼὶω,μ
