3692 5643
728 577 819 648 60
1428 602 1515 647 DE
1569 602 2077 659 mrssunossvm
2132 602 2484 648 EPISTVLIS

728 781 913 852 quae
964 755 1082 826 hic
1128 753 1404 855 publici
1450 753 1631 824 iuris
1686 756 1928 825 fecero
1985 755 2246 825 melius
2305 754 2587 824 exitum
2646 753 3016 825 institutae
3070 755 3176 824 rei

730 880 1125 978 expedient
1172 906 1391 977 quam
1448 880 1602 977 ipse
1658 889 2097 950 consecutus
2155 905 2315 949 sum
2379 889 2450 949 et
2506 904 2638 976 per
2690 880 2956 949 molem
3009 878 3183 949 reli-

730 1030 1046 1101 quorum
1087 1004 1570 1075 frustulorum
1621 1002 1739 1073 uia
1779 1003 2067 1074 facilius
2107 1013 2493 1101 propterea
2537 1003 2943 1100 reperietur
2981 1001 3182 1100 quod

729 1128 1087 1199 nonnulla
1129 1128 1272 1198 iam
1302 1138 1688 1224 aggregata
1728 1138 1800 1197 et
1833 1138 2034 1198 certo
2071 1127 2479 1225 composita
2518 1137 2807 1225 praesto
2840 1137 3075 1199 erunt.

826 1253 925 1322 Vt
972 1279 1088 1323 res
1127 1278 1324 1323 nunc
1365 1278 1439 1323 se
1488 1231 1739 1337 habet,
1792 1262 2142 1348 tanquam
2192 1278 2319 1349 per
2367 1263 2836 1323 transennam
2894 1261 3178 1322 tantum

731 1376 1107 1476 adspicere
1140 1375 1355 1448 nobis
1386 1376 1693 1471 contigit
1730 1402 1952 1473 quam
1987 1377 2217 1448 multa
2244 1402 2657 1473 magnaque
2694 1375 2810 1446 his
2851 1368 3183 1473 epistulis

729 1512 1032 1573 tractata
1062 1502 1230 1573 sint.
1265 1502 1450 1571 Nam
1492 1499 1581 1571 de
1614 1526 1762 1570 uno
1794 1510 1920 1571 aut
1950 1501 2176 1571 altero
2202 1501 2530 1586 homine,
2569 1526 2631 1571 e.
2670 1527 2738 1596 g.
2773 1498 2861 1569 de
2906 1500 3184 1596 Pytho-

732 1625 913 1697 doro
946 1625 1265 1723 quodam
1306 1625 1597 1722 Delpho
1640 1635 1762 1695 aut
1805 1623 1896 1694 de
1942 1616 2543 1721 quodam'legato
2585 1624 2673 1695 ad
2719 1624 3180 1694 Hadrianum

733 1751 958 1822 misso
986 1777 1159 1821 sane
1198 1750 1469 1846 agitur3
1516 1749 1640 1820 sed
1684 1750 1863 1821 haec
1903 1749 2097 1820 leuia
2126 1760 2296 1820 sunt
2335 1749 2770 1849 saepiusque
2816 1747 3180 1819 maiorum

733 1901 981 1945 rerum
1022 1884 1392 1945 momenta
1435 1900 1521 1944 ex
1563 1874 2093 1971 imperatorum
2123 1874 2414 1945 decreto
2451 1874 2796 1971 pendent.
2846 1872 3183 1943 Praemia

734 2000 933 2070 enim
974 2008 1069 2080 et,
1115 2008 1196 2069 ut
1233 2024 1464 2068 unum
1506 1983 1943 2085 memorem,
1991 1999 2408 2095 αὐτονομίας
2447 1997 2835 2096 priuilegia
2876 1997 3184 2094 Delphis

735 2123 824 2194 ab
894 2122 1202 2219 singulis
1277 2121 1844 2220 imperatoribus
1925 2123 2353 2193 confirmata
2382 2180 2396 2203 ,
2465 2123 2666 2192 illam
2750 2153 2780 2187 «
2823 2121 3182 2217 reliquam

732 2247 1074 2319 umbram
1099 2257 1169 2318 et
1191 2246 1565 2318 residuum
1592 2246 1950 2318 libertatis
1974 2273 2243 2317 nomen
2268 2279 2298 2309 »
2330 2246 2527 2343 quod
2553 2246 2836 2317 Plinius
2859 2244 3184 2339 Maximo

736 2399 868 2444 suo
921 2371 1426 2442 uenerandum
1476 2370 2078 2452 commendabat.;
2135 2371 2302 2441 dein
2344 2371 2524 2442 fines
2574 2370 2844 2467 quibus
2888 2368 3185 2468 praedia

735 2496 1103 2595 Apollinis
1140 2522 1178 2566 a
1225 2495 1632 2567 uicinarum
1667 2495 2047 2569 ciuitatum
2096 2496 2287 2592 agris
2326 2494 2966 2591 distinguebantur
2991 2494 3185 2564 haud

737 2621 964 2692 semel
996 2620 1472 2708 constitutos3
1519 2629 1891 2717 postremo
1937 2620 2515 2717 amphictyonici
2570 2618 2865 2690 concilii
2916 2628 3185 2689 statum

736 2745 1065 2816 uicissim
1092 2744 1183 2815 ab
1215 2745 1577 2839 Augusto,
1606 2744 1899 2814 Nerone
1932 2745 2265 2834 fortasse,
2304 2743 2682 2839 Hadriano
2714 2742 3185 2813 immutatum

738 2880 981 2967 atque,
1037 2870 1225 2941 sicut
1272 2869 1450 2956 dixi,
1500 2869 1575 2939 in
1624 2869 1884 2940 eodem
1935 2896 2201 2966 genere
2242 2895 2437 2940 noua
2471 2868 2560 2939 de
2603 2867 2893 2965 Pythiis
2939 2893 3185 2965 praes-

737 2995 968 3092 cripta
1023 3020 1366 3091 nouaque
1403 2993 1805 3065 certamina
1840 2992 2383 3091 antiquioribus
2428 2992 2714 3064 addita:
2772 2991 3052 3066 utinam
3094 2990 3184 3061 de

737 3118 1084 3190 omnibus
1122 3118 1267 3189 illis
1311 3117 1530 3189 rebus
1570 3119 1778 3216 plura
1826 3144 2224 3214 congerere
2265 3118 2506 3205 liceat,
2550 3125 2942 3214 postquam
2993 3115 3186 3212 frag-

738 3253 987 3315 menta
1024 3244 1233 3342 plura
1275 3244 1348 3313 in
1387 3269 1618 3313 unum
1659 3244 1954 3315 redacta
1994 3247 2248 3315 erunt!
2742 3234 2751 3248 ’

837 3369 1050 3439 Nunc
1077 3394 1255 3438 uero
1289 3394 1437 3438 non
1470 3394 1745 3449 rerum,
1779 3368 1907 3438 sed
1928 3378 2347 3466 temporum
2379 3367 2496 3439 hic
2524 3394 2818 3466 quoque
2851 3369 3191 3440 ordinem
3252 3421 3256 3425 -

740 3493 948 3589 sequi
992 3491 1272 3562 mutilis
1313 3492 1776 3563 documentis
1815 3493 2174 3590 cogimur.
2212 3483 2711 3576 Quamobrem
2751 3494 2839 3565 de
2881 3493 3192 3590 singulis

737 3616 1309 3715 imperatoribus
1350 3615 1693 3714 colligere
1735 3616 1987 3687 titulos
2026 3616 2357 3687 nondum
2392 3626 2605 3689 notos
2645 3628 2950 3692 conatus
2993 3644 3185 3706 sum,

737 3742 1064 3840 primum
1113 3741 1393 3812 scilicet
1431 3751 1832 3811 statuarum
1879 3741 2395 3839 inscriptiones
2435 3742 2540 3812 eis
2580 3768 2983 3839 eorumque
3025 3767 3192 3840 pro-

741 3865 1039 3963 pinquis
1084 3865 1624 3951 dedicatarum‚
1682 3865 1851 3936 dein
1895 3864 2374 3962 epistularum
2437 3865 2722 3962 potiora
2780 3866 3191 3962 fragmenta

743 4016 932 4086 quae
964 3989 1053 4060 ab
1096 3990 1199 4061 eis
1226 3999 1349 4060 aut
1378 3988 1465 4060 ad
1496 4015 1620 4060 eos
1652 3990 1917 4060 missae
1950 4000 2142 4060 sunt.

844 4247 1060 4330 Quod
1102 4247 1191 4319 ad
1238 4249 1644 4319 AvasTvM
1691 4248 1936 4345 ipsum
1988 4248 2242 4319 attinet
2300 4247 2404 4317 nil
2454 4246 2811 4318 habemus
2859 4271 2873 4317 :
2937 4258 3193 4345 postea

748 4398 927 4443 uero
981 4399 1138 4444 rem
1180 4371 1858 4476 amphictyonicam
1914 4398 1954 4443 a
2002 4371 2177 4443 diuo
2229 4374 2566 4468 Augusto
2617 4372 2859 4442 denuo
2913 4373 3192 4444 consti-
