3692 5643
1330 641 1419 686 DE
1472 641 1962 688 ARCHoNvas
2771 621 2862 690 27

413 792 508 863 tis
578 793 1005 864 nominatur
1041 795 1088 865 ¹.
1178 793 1324 865 Hic
1379 819 1703 891 quoque,
1787 792 2225 864 Tithoraeus
2300 795 2613 893 origine,
2680 798 2867 869 ciuis

412 916 798 1015 delphicus
856 917 1091 989 factus
1149 927 1287 993 est-
1319 918 1841 1016 delphicasque
1901 917 2297 1014 dignitates
2367 918 2608 991 induit
2660 945 2675 991 :
2752 920 2868 993 bis

416 1041 616 1112 enim
652 1042 926 1113 archon
977 1041 1118 1113 fuit
1173 1042 1348 1114 satis
1395 1042 1646 1139 long0,
1705 1051 1788 1112 ut
1833 1040 2153 1131 uidetur,
2207 1041 2628 1117 interuallo,
2676 1045 2866 1117 Nam

418 1164 715 1237 titulum
771 1164 1028 1237 hunc‘2
1084 1165 1411 1265 primum
1460 1166 1796 1238 omnium
1838 1192 1997 1237 esse
2048 1165 2319 1264 quibus
2375 1167 2534 1239 eius
2591 1194 2864 1243 nomen

416 1289 823 1361 illustretur
856 1289 999 1361 nisi
1037 1290 1252 1362 fallor
1290 1289 1703 1390 apparebit.
2641 1276 2654 1289 ⁶

902 1480 910 1489 .
957 1497 1182 1583 Δελφοὶ
1210 1503 1433 1564 ἔδωκαν
1468 1499 1539 1562 Γ.
1577 1498 1950 1585 Καριστανίῳ
1986 1499 2221 1585 Σαγάρι

951 1619 1282 1680 πολειτείαν
1319 1618 1473 1701 αὐτῷ
1508 1619 1606 1680 καὶ
1641 1618 1906 1699 ἐκγόνοις
1944 1619 2118 1681 αὐτοῦ

950 1736 1366 1814 προμαντείαν,
1406 1732 1743 1816 προξενίαν,
1784 1736 2111 1816 προδικίαν,

962 1846 1227 1928 ἀσυλίαν,
1262 1851 1601 1931 προεδρίαν,
1638 1847 1908 1911 ἀτέλειαν
1939 1852 2152 1925 πᾶσαν,
2193 1851 2306 1932 γᾶς

952 1966 1050 2026 καὶ
1079 1963 1266 2039 οἰκίας
1305 1967 1567 2042 ἔνκτησιν
1599 1967 1696 2027 καὶ
1723 1957 1920 2028 τᾶλλα
1954 1969 2113 2043 τίμια
2142 1966 2249 2029 ὅσα

948 2091 1073 2154 τοῖς
1109 2083 1318 2155 καλοῖς
1354 2083 1452 2143 καὶ
1490 2078 1734 2162 ἀγαθοῖς
1768 2079 2006 2163 ἀνδράσι
2046 2084 2287 2145 δίδοται.

950 2191 1288 2278 ’Άρχοντος
1327 2192 1406 2256 Τ.
1443 2194 1708 2258 Φλαὸίου
1746 2193 2102 2279 Σωκλάρου,
2145 2199 2396 2272 βουλευ-

957 2311 1135 2374 όντων
1173 2308 1463 2390 Δάμωνος
1493 2324 1593 2374 τοῦ
1633 2310 1910 2375 Ποπλίου
1942 2313 2036 2374 καὶ
2068 2310 2211 2392 Μη-

854 2450 859 2453 ’
951 2428 1072 2488 νίου
1102 2436 1203 2489 τοῦ
1227 2424 1576 2510 ’Σωτηρίδα.

514 2611 589 2681 Si
626 2626 1060 2712 argumento
1101 2616 1363 2688 eodem
1395 2643 1542 2714 quo
1569 2627 1735 2689 ante
1769 2618 1944 2688 usus
1975 2617 2393 2689 Damonem
2433 2616 2862 2716 Euphrosy-

417 2733 496 2805 ni
552 2735 752 2808 illius
814 2749 1096 2837 patrem
1155 2740 1381 2813 fuisse
1445 2743 1574 2840 qui
1645 2740 1949 2813 buleuta
2018 2740 2490 2840 Euthydamo
2564 2739 2870 2815 tertium

416 2861 765 2933 archonte
812 2876 1265 2937 memoratur
1308 2876 1381 2937 et
1431 2910 1527 2920 ——-
1564 2853 1765 2964 quod
1803 2865 2325 2965 probabilitate
2370 2865 2619 2936 minus
2658 2864 2871 2940 desti-

416 2994 657 3056 tutum
693 2986 988 3059 uidetur
1018 3033 1114 3046 -
1171 2991 1495 3063 Meniam
1549 2990 1838 3063 Meniae
1897 2987 2095 3062 illius
2154 3000 2441 3089 patrem
2475 2989 2699 3061 fuisse
2741 2989 2870 3092 qui

417 3117 623 3191 Simo
663 3121 1015 3194 archonte
1055 3114 1333 3218 Μηνίας
1376 3116 1650 3217 Μηνίου
1706 3134 2176 3222 nuncupatur
2209 3133 2561 3212 statuer0‚
2607 3149 2696 3194 ex
2726 3123 2871 3196 hoc

419 3242 802 3316 Soclarum
839 3248 1212 3319 archontis
1243 3249 1565 3320 officium
1596 3249 1921 3348 primum
1954 3247 2323 3346 accepisse
2362 3248 2670 3319 fortasse
2702 3256 2870 3319 ante

418 3368 599 3467 i'mp.
665 3369 810 3441 Titi
871 3397 1147 3443 annum
1203 3383 1324 3444 aut
1372 3383 1567 3444 certe
1606 3365 1853 3471 paullo
1909 3382 2076 3471 post
2136 3372 2551 3453 subsumeS.
2609 3374 2872 3444 Annos

419 3492 645 3589 igitur
713 3494 1004 3567 circiter
1056 3496 1318 3594 uiginti
1385 3508 1778 3596 postquam
1845 3496 2301 3569 Caristanius
2340 3496 2642 3593 quidam
2684 3496 2867 3568 mihi

416 3616 709 3714 ignotus
743 3617 1079 3718 delphica
1114 3621 1409 3693 ciuitate
1441 3620 1755 3692 donatus
1786 3630 1921 3709 est,
1960 3619 2376 3696 Caristanio
2406 3619 2860 3717 proconsuli,

415 3742 676 3817 eodem
721 3743 1021 3816 Soclaro
1074 3745 1340 3817 iterum
1381 3746 1756 3834 archonte,
1819 3745 2092 3844 Delphi
2160 3754 2474 3848 statuam
2516 3743 2874 3815 decreue-·

417 3877 592 3939 runt
629 3870 654 3911 3
705 3893 720 3939 ε
1093 3875 1097 3879 ’

491 4154 539 4206 1.
582 4152 742 4206 BCH
766 4152 866 4205 XX
892 4170 990 4226 pp.
1023 4156 1286 4220 720-7213
1319 4154 1394 4207 cf.
1419 4155 1565 4207 infra
1596 4171 1721 4224 cap.
1751 4153 1822 4221 Ιὲ
1857 4154 1955 4208 IV.

492 4243 542 4298 2.
586 4242 657 4297 Ν.
715 4243 838 4295 901.
895 4244 1046 4295 Ante
1090 4242 1587 4313 opisthodomum,
1643 4243 1784 4296 calc.
1830 4243 1990 4312 lapis,
2033 4260 2198 4294 muro
2244 4242 2447 4312 templi
2499 4241 2865 4298 tribuendus,

492 4331 544 4383 3.
587 4330 713 4384 NN.
739 4331 898 4399 3721,
928 4332 1065 4383 3325
1088 4348 1100 4385 ε
1125 4331 1239 4384 duo
1258 4332 1569 4384 marmorei
1594 4331 1817 4402 lapides
1838 4348 1908 4384 ex
1939 4338 2316 4384 monumento
2334 4331 2490 4401 quod
2518 4329 2579 4384 L.
2600 4330 2873 4383 Aimilius

421 4413 494 4471 de
522 4436 662 4489 rege
694 4419 873 4472 Perse
902 4408 1437 4491 Macedonibusque
1472 4420 1726 4490 Apollini
1758 4425 2222 4486 consecrauerat.
