3692 5643
1118 667 1207 714 DE
1264 663 1832 713 AMPmc‘rYoNVM
1887 665 2295 724 firmi-:Lens
2837 648 2928 718 47

476 820 923 893 documento
959 820 1140 918 quid
1177 817 1546 892 ualueriut
1579 816 1944 912 demiurgi
2001 819 2079 889 in
2118 846 2197 891 re
2245 822 2539 920 publica
2579 823 2931 895 adminis-

480 945 733 1018 tranda
772 956 1100 1045 apparet,
1143 940 1748 1044 quandoquidem
1778 942 2107 1039 legatum
2139 944 2216 1015 in
2252 945 2633 1044 publicum
2654 947 2928 1020 factum

477 1069 872 1169 accipiunt.
952 1071 1105 1143 Nec
1171 1070 1443 1141 mirum
1508 1076 1619 1139 est
1691 1066 2082 1162 pecuniam
2148 1069 2338 1169 apud
2409 1071 2927 1143 Antisthenem

476 1185 886 1292 depositam
977 1222 1134 1268 esse
1199 1195 1327 1294 qui
1386 1193 1644 1269 eodem
1714 1188 2055 1292 δημοσίου
2139 1194 2554 1294 τραπεζίτου
2624 1222 2928 1268 munere

477 1319 771 1391 functus
796 1330 905 1391 est
934 1346 1082 1417 quo
1114 1347 1179 1392 e.
1224 1348 1293 1418 g.
1332 1320 1687 1393 Pleisteas
1709 1320 2013 1418 quidam
2049 1320 2126 1391 in
2165 1319 2663 1392 Phocensium
2699 1322 2928 1393 multa

475 1444 878 1541 repetunda
914 1446 963 1514 ¹.

924 1783 1054 1855 IV.
1118 1828 1216 1837 -
1281 1810 1369 1856 DE
1420 1810 1984 1857 AMPHICTYONVM
2034 1810 2469 1857 EPIMELETIS.

570 2015 766 2099 Quid
805 2015 983 2086 noui
1032 2015 1551 2115 inscriptiones
1600 2016 1859 2088 aetatis
1902 2015 2417 2115 imperatoriae
2468 2014 2560 2087 de
2605 2014 2924 2087 concilio

473 2139 1070 2238 amphictyonico
1131 2139 1509 2212 attulerint
1560 2141 1790 2212 altero
1854 2141 2089 2238 capite
2140 2140 2508 2239 explicare
2592 2138 2917 2212 tentabo,

473 2265 626 2336 Nec
662 2264 930 2336 mirum
983 2264 1271 2337 lucrum
1315 2265 1532 2336 citius
1570 2263 2149 2363 praedicandum
2196 2274 2330 2347 est,
2388 2263 2519 2336 sed
2567 2274 2922 2363 opportu-

468 2390 640 2461 nius
678 2388 768 2461 de
805 2388 1361 2487 amphictyonis
1399 2388 1474 2460 in
1529 2414 1810 2460 nouum
1848 2398 2117 2460 statum
2153 2388 2445 2460 redacta
2475 2388 2922 2461 disseremus

470 2540 639 2586 cum
670 2513 761 2586 ad
794 2510 1283 2613 imperatores
1322 2513 1748 2585 uenerimus
1797 2512 1925 2611 qui
1973 2512 2175 2584 illam
2231 2538 2478 2584 rerum
2516 2523 2922 2584 commuta-

468 2638 745 2709 tionem
785 2637 1312 2736 perficiendam
1367 2647 1838 2709 curauerunt.
1912 2636 2293 2708 Habemus
2345 2647 2601 2709 contra
2660 2661 2793 2708 cur
2828 2636 2919 2708 de

467 2761 1103 2862 Amphictyonum
1142 2762 1530 2861 epimeleta
1568 2761 1689 2834 hic
1721 2761 2216 2860 disceptemus
2255 2787 2573 2860 eumque
2609 2787 2918 2861 numero

467 2888 1025 2984 magistratuum
1057 2887 1186 2985 qui
1220 2886 1530 2987 Delphis
1560 2913 1867 2958 munere
1898 2913 2032 2959 suo
2073 2887 2306 2959 functi
2343 2898 2517 2959 sunt
2547 2886 2919 2960 adscriba-

465 3038 656 3101 muS‚
690 3012 863 3084 licet
886 3013 1128 3112 primo
1164 3010 1512 3111 adspectu
1561 3010 2087 3083 Panhellenius
2106 3011 2348 3110 potius
2365 3037 2522 3083 esse
2545 3007 2908 3083 uideatur.

560 3136 707 3209 Sed
759 3114 1193 3235 priusquam
1254 3136 1434 3234 quid
1491 3135 1804 3207 sentiam
1855 3145 2105 3234 aperte
2166 3134 2562 3222 declarem,
2605 3135 2913 3208 seorsim

465 3286 632 3333 eum
672 3286 941 3359 ponam
984 3286 1280 3333 necesse
1319 3270 1429 3331 est
1465 3259 1557 3332 ab
1586 3260 1714 3332 illo
1752 3259 2393 3358 Amphictyonum
2419 3258 2662 3334 scriba
2691 3286 2913 3357 quem

464 3413 555 3458 ex
628 3384 1235 3484 inscriptionibus
1303 3386 1770 3483 superiorum
1832 3394 2257 3484 temporum
2290 3387 2317 3430 ²
2393 3384 2909 3481 cognouimuS.
2983 3373 2998 3392 ‘

463 3510 684 3582 Hunc
722 3508 942 3581 etiam
971 3510 1201 3582 altero
1222 3520 1346 3581 aut
1385 3509 1600 3581 tertio
1632 3536 1703 3607 p.
1743 3509 1922 3581 Chr.
1964 3509 2257 3581 saeculo
2298 3508 2624 3581 extitisse
2658 3507 2916 3580 titulus

462 3661 535 3704 n.
580 3635 771 3705 2798
814 3632 1031 3706 nobis
1073 3633 1522 3706 documento
1585 3644 1695 3706 est
1736 3658 1751 3705 ε
1788 3659 1962 3704 nam
2008 3634 2112 3705 M.
2152 3633 2411 3705 Iunius
2450 3633 2915 3731 (Th'ra‘?)seas

461 3766 565 3838 ibi
598 3766 1026 3865 planissime
1057 3767 1521 3867 γραμματεὺς
1558 3781 1683 3839 τοῦ
1726 3782 1960 3840 κοινοῦ
2003 3767 2436 3866 appellatur,
2478 3787 2718 3863 neque
2741 3791 2911 3838 cum

461 3892 536 3962 in
568 3918 656 3963 eo
695 3891 1048 3989 glorietur
1087 3890 1287 3990 quod
1342 3890 1652 3988 Pythiae
1703 3889 2085 3962 cuiusdam
2136 3900 2291 3962 erat
2328 3915 2699 4001 pronepos
2738 3916 2912 3961 con-

460 4015 670 4086 fundi
704 4025 948 4088 tamen
976 4025 1216 4114 potest
1237 4041 1406 4087 cum
1438 4015 1830 4113 epimeleta
1852 4016 1981 4112 qui
2022 4015 2253 4086 multo
2293 4014 2459 4113 plus
2480 4013 2910 4086 auctoritate

463 4140 717 4211 ualuit.

533 4392 582 4443 1.
622 4389 703 4442 IG
743 4390 815 4442 IX
849 4390 969 4442 110.

530 4480 580 4531 2.
621 4477 708 4532 Cf.
733 4496 784 4533 e.
817 4498 873 4549 g.
906 4477 1378 4536 Dialekl-inscltr.
1414 4496 1512 4533 nn.
1543 4480 1702 4542 25¹9,
1738 4480 1895 4547 2520,
1930 4475 2090 4546 2522,
2118 4485 2232 4533 etc.
