3692 5643
884 1444 1031 1516 Vix
1070 1454 1250 1542 puto
1296 1441 1686 1514 dissenties
1735 1441 1797 1513 si
1851 1441 2296 1512 documenta
2350 1465 2538 1537 quae
2595 1438 2977 1539 hucusque
3033 1438 3247 1510 attuli

785 1568 1135 1668 pauciora
1203 1593 1362 1639 esse
1429 1566 1687 1638 dixero
1768 1591 1992 1665 quam
2079 1575 2160 1637 ut
2243 1564 2332 1636 de
2420 1564 2730 1664 Delphis
2807 1564 2933 1637 illa
3008 1572 3242 1634 aetate

782 1693 1215 1766 florentibus
1288 1692 1364 1763 in
1439 1677 1888 1763 uniuersum·
1949 1689 2456 1762 concludatur.
2536 1691 2754 1775 Nam,
2841 1700 2922 1760 ut
2994 1687 3243 1760 omnia

785 1819 1118 1891 omittam
1161 1792 1352 1916 quae
1398 1827 1691 1914 tempus
1729 1815 2220 1911 hominesque
2262 1813 2480 1887 nobis
2512 1813 2966 1901 inuiderunt,
3011 1813 3243 1885 titulis

785 1950 972 2043 quos
1012 1943 1254 2041 legisti
1309 1941 1780 2039 adiungenda
1837 1951 1947 2012 est
2004 1940 2310 2038 insuper
2360 1940 2536 2013 satis
2602 1941 2848 2038 ampla
2906 1938 3242 2011 collectio

783 2066 1354 2167 inscriptionum
1413 2065 1685 2164 quibus
1744 2065 2022 2164 Delphi
2071 2066 2625 2137 honorauerunt
2684 2063 2890 2136 uiros
2948 2061 3242 2134 aliunde

784 2192 1106 2264 illustres
1176 2203 1301 2264 aut
1369 2191 1769 2264 admodum
1846 2191 2167 2288 ignotoS,
2235 2189 2386 2261 illic
2473 2189 2727 2287 utique
2804 2187 3245 2286 conspicuos

784 2328 1087 2417 propter
1137 2316 1629 2389 'reuerentiam
1690 2325 1836 2413 qua
1896 2315 2267 2413 Apollinis
2316 2315 2567 2386 fanum
2617 2312 2989 2412 prosecuti
3044 2322 3240 2383 sunt.

786 2442 1278 2514 Proconsules
1348 2441 1630 2512 scilicet
1712 2439 2039 2511 Achaiae
2125 2450 2251 2512 aut
2328 2439 2577 2527 Asiae,
2670 2437 3246 2537 spectatissimos

784 2558 1006 2657 primi
1063 2556 1344 2629 ordinis
1400 2556 1740 2628 homines
1811 2555 2305 2655 feminasque,
2365 2555 2571 2626 uelut
2620 2553 2941 2625 Herodis
3017 2552 3246 2624 Attici

783 2699 1090 2745 uxorem
1127 2682 1201 2744 et
1233 2698 1529 2770 pueros,
1571 2681 1696 2743 aut
1730 2670 2042 2743 Domitii
2073 2670 2271 2742 illius
2308 2669 2590 2769 Hygini
2620 2669 2979 2741 familiam
3010 2694 3236 2767 quem

784 2789 1096 2889 Delphis
1120 2789 1547 2891 archontem
1590 2786 1814 2859 fuisse
1857 2786 2383 2898 comperimus,
2419 2785 2931 2885 philosophos,
2959 2782 3246 2883 sophis·
3336 2794 3341 2798 ’

784 2925 923 3003 tae,
984 2915 1343 3002 rhetoreS,
1398 2914 1471 2985 in
1520 2912 1723 2984 omni
1788 2928 2057 3009 genere
2124 2911 2452 2984 eruditos
2519 2921 2592 2982 et
2663 2910 3084 3009 praecipue,
3166 2919 3248 2979 ut

784 3029 1104 3121 uidetur,
1183 3029 1258 3100 in
1324 3027 1784 3101 naturalibus
1851 3015 2433 3125 quaestionibus,
2498 3038 2717 3124 atque
2775 3051 2946 3097 cum
3007 3024 3245 3123 poetis

787 3154 1122 3241 athletaS,
1173 3180 1342 3226 cum
1387 3152 1888 3252 grammaticis
1937 3151 2440 3235 circulatoreS,
2488 3150 2990 3246 funambulOS,
3019 3148 3243 3221 κοιλο-

788 3277 1045 3361 edam:
1097 3305 1269 3350 mox
1318 3304 1711 3377 pernosces
1769 3278 2050 3350 uariam
2104 3276 2305 3349 illam
2346 3277 2699 3348 omnium
2762 3274 3055 3348 turbam
3115 3271 3244 3371 qui

785 3430 992 3475 suam
1094 3403 1388 3476 laudem
1482 3412 1834 3500 tanquam
1941 3429 1981 3473 a
2076 3402 2238 3473 Deo
2335 3400 2759 3473 confirmari
2849 3398 3295 3498 cupiebant

784 3555 1250 3626 quorumque
1288 3527 1503 3599 laude
1535 3528 1896 3625 templum
1945 3526 2270 3610 inuicem
2326 3525 2876 3624 quodammodo
2928 3524 3247 3596 illustra-

785 3652 1023 3725 batur.
1071 3652 1186 3723 Ad
1229 3651 1432 3724 aliud
1468 3652 1693 3748 igitur
1729 3663 2020 3749 tempus
2061 3641 2240 3723 etad
2276 3651 2501 3722 alium
2537 3650 2783 3721 locum
2815 3648 2874 3720 si
2907 3648 3246 3720 differam
3328 3663 3337 3668 '

786 3778 963 3875 quid
1012 3777 1350 3867 sentiam,
1394 3777 1553 3848 iure
1594 3803 1742 3847 non
1785 3802 1903 3848 me
1935 3774 2456 3875 reprehendas

885 3902 1294 4002 Suppetunt
1362 3914 1607 3973 tamen
1661 3928 1850 4000 quae
1918 3900 2315 3972 didicimus
2382 3910 2464 3971 ut
2532 3898 2676 3971 iam
2712 3905 2807 3981 εἰς
2855 3899 3018 3996 μίαν
3061 3888 3244 3971 ἰδέαν

782 4027 1027 4100 omnia
1098 4025 1447 4099 ducentes
1512 4026 1906 4124 complecti
1999 4035 2394 4098 tentemus
2482 4024 2673 4095 Nam
2761 4022 2822 4094 si
2899 4020 3066 4120 quis
3163 4023 3240 4093 in
3348 4115 3355 4116 γ

785 4150 1340 4223 multitudinem
1421 4151 1655 4249 ipsam
1725 4151 2111 4221 titulorum
2196 4148 2548 4236 intuetur,
2634 4174 2783 4219 non
2867 4147 3244 4218 immerito

785 4274 1183 4347 arbitratur
1220 4275 1556 4374 Delphos
1602 4275 1674 4345 i'n
1711 4276 1940 4346 altero
1981 4301 2054 4372 p.
2100 4274 2278 4346 Chr.
2320 4274 2613 4345 saeculo
2635 4270 3247 4369 quasirediuiuos

789 4426 988 4473 nouo
1018 4400 1407 4499 splendore
1449 4400 1833 4472 effulsisse.
1871 4399 2243 4471 Nimirum
2280 4391 2599 4470 habebat
2636 4396 3076 4468 Plutarchus
3115 4422 3249 4468 cur
