3692 5643
1149 692 1239 737 DE
1291 692 1798 740 IMPERATORVM
1853 692 2204 739 EPISTVLIS
2809 664 2901 739 73

461 846 566 912 10
587 848 811 934 δωρεὰς
860 845 1124 937 [βεὸαιῶ
1142 852 1240 912 καὶ
1282 846 1542 933 ἅπαν]τα
1585 852 1682 914 καὶ
1729 856 1837 914 ὑπο
1883 847 2014 934 το[ΰ
2060 856 2194 915 θεοῦ
2251 847 2549 934 Τραιανοΰ
2603 847 2900 934 meacm]

588 960 1001 1049 Πρεσὲευ[τὴς
1021 1011 1522 1027 ............
1544 961 1563 1048 ]
1616 990 1746 1045 νης.
1802 961 2203 1058 ,Ευτ[υχεῖτε.
2264 962 2562 1050 Tempus
2609 969 2678 1027 et
2713 961 2906 1027 locus

2452 1076 2915 1164 indicantur.];

473 1263 500 1269 ”
554 1253 822 1326 Nescio
885 1280 977 1327 an
1054 1281 1127 1326 ιι.
1193 1257 1236 1326 4
1326 1250 1482 1356 [τῆς
1528 1247 1839 1352 πὸλ]εως
1909 1256 2254 1354 supplere
2317 1254 2557 1327 liceat.
2638 1255 2904 1327 Postea

458 1377 689 1450 tribus
727 1378 870 1450 nisi
905 1380 1122 1453 fallor
1155 1381 1608 1518 argumentis
1643 1379 2033 1453 adducitur
2072 1378 2494 1452 Hadrianus
2527 1377 2617 1451 ad
2646 1405 2906 1516 praes-

454 1480 752 1575 tandam
783 1502 1424 1580 beneuolentiam:
1455 1506 1777 1605 primum
1808 1503 2008 1602 quod
2035 1503 2350 1603 epistula
2375 1503 2464 1575 ad
2488 1529 2656 1576 eum
2682 1502 2904 1576 missa

456 1636 565 1697 est
605 1628 622 1670 ¹
640 1627 861 1716 ,dein
893 1624 1092 1726 quod
1140 1632 1442 1730 antiqua
1482 1628 1689 1701 urbis
1717 1628 2068 1700 nobilitas
2117 1627 2413 1700 uidetur
2453 1653 2610 1699 esse
2669 1626 2905 1726 respi-

456 1685 742 1842 cienda,
822 1751 1141 1852 denique
1209 1755 1408 1853 quod
1476 1754 1746 1853 Delphi
1805 1779 2003 1824 nouo
2061 1752 2489 1851 imperatori
2561 1750 2906 1848 gratulati

456 1868 630 1946 sunt
657 1875 876 1947 simul
913 1887 1133 1976 atqua
1196 1906 1330 1978 pro
1370 1880 1533 1951 Deo
1587 1877 1862 1977 Pythio
1920 1877 2018 1975 (u.
2087 1879 2132 1948 8
2178 1876 2460 1949 litterae
2493 1860 2561 1948 Α
2597 1875 2908 1973 uestigia

452 1999 843 2098 perspicua
859 2003 1058 2100 sunt)
1092 2029 1321 2102 aequa
1349 2004 1690 2101 bonaque
1716 2012 2240 2102 poposcerunt.
2278 2002 2364 2072 In
2397 1999 2661 2072 ultimo
2685 2026 2903 2072 uersu

458 2115 788 2221 [Ἰούλιος
836 2116 1270 2225 Ἀντιγέ]νης
1308 2129 1649 2228 supplere
1681 2126 2016 2199 dubitaui
2047 2126 2389 2223 quamuis
2429 2151 2699 2198 nomen
2751 2125 2908 2196 eius

454 2240 755 2330 lacunae
777 2250 966 2322 bene
995 2253 1384 2325 conueniat
1413 2277 1429 2337 ς
1465 2278 1733 2351 nempe
1767 2252 2048 2348 legatus
2074 2250 2196 2322 ille
2214 2249 2589 2349 prioribus
2609 2248 2913 2345 Traiani·

455 2374 694 2462 anniS,
735 2374 784 2446 i.
831 2356 922 2449 e}
949 2376 1212 2475 uiginti
1252 2377 1465 2450 annis
1505 2387 1699 2466 ante,
1736 2374 2081 2449 occurrit.
2361 2470 2369 2477 ι

554 2498 792 2582 Quem
849 2500 1211 2599 epistulae
1259 2512 1735 2600 conspectum
1790 2501 1851 2572 si
1899 2499 2333 2600 probaueris
2368 2542 2468 2554 —
2529 2524 2701 2570 nam
2751 2498 2908 2597 ipsa

458 2623 683 2695 uerba
723 2650 870 2696 non
910 2636 1343 2724 praesto—‚
1365 2625 1887 2725 imperatorem
1925 2624 2230 2697 Graecis
2254 2623 2522 2696 eximie
2557 2622 2908 2694 dilectum

459 2758 529 2819 et
573 2747 926 2823 Graeciae
962 2750 1551 2824 amantissimum
1586 2749 1662 2823 in
1705 2776 1930 2823 unam
1961 2748 2405 2821 sententiam
2434 2747 2609 2820 satis
2649 2746 2909 2846 exqui-

460 2873 597 2945 sita
641 2856 793 2946 arte
833 2855 1321 2973 compositam
1357 2876 1607 2948 omnia
1645 2874 2015 2973 redegisse
2055 2900 2201 2945 non
2250 2872 2664 2946 miraberis,
2730 2873 2911 2945 Pro-

456 2997 700 3070 babile
732 2999 931 3070 enim
963 2999 1246 3072 etmihi
1288 3000 1588 3073 uidetur
1623 2999 2089 3072 Hadrianum
2154 2997 2399 3097 ipsum
2449 3023 2709 3095 graece
2758 2996 2911 3068 dic-

460 3123 735 3195 tauisse
772 3150 909 3196 nec
939 3123 1097 3196 sine
1129 3124 1445 3222 quadam
1483 3120 1859 3222 uoluptate
1878 3133 2516 3220 ostentassequam
2540 3121 2912 3220 eleganter

464 3249 588 3345 μέν
636 3258 710 3319 et
745 3237 818 3319 δέ
858 3233 1233 3347 opponere
1284 3248 1526 3340 sciret.
1581 3246 1726 3321 Sed
1785 3248 2018 3347 magis
2057 3248 2277 3319 etiam
2314 3246 2536 3344 digna
2567 3257 2677 3319 est
2720 3272 2909 3345 quae

355 3380 361 3383 ⁴
458 3370 795 3444 laudetur
826 3373 952 3444 illa
998 3373 1411 3446 reuerentia
1461 3398 1609 3471 qua
1655 3370 2241 3506 illustrissimum
2304 3371 2611 3514 ipsaque
2664 3381 2913 3443 uetus-

456 3505 600 3606 tate
641 3496 1120 3569 sacerrimum
1153 3496 1514 3596 templum
1549 3505 1985 3596 prosecutus
2026 3507 2158 3568 est.

559 3620 1001 3718 Priusquam
1076 3621 1166 3693 ad
1232 3622 1675 3693 documenta
1737 3621 2035 3693 ueniam
2098 3646 2285 3719 quae
2358 3620 2553 3691 circa
2622 3645 2686 3691 a.
2773 3619 2911 3691 125

461 3743 803 3844 ponenda
859 3755 1056 3835 sunt,
1119 3771 1418 3817 necesse
1464 3754 1574 3817 est
1620 3771 1965 3818 moneam
2004 3744 2094 3816 de
2125 3744 2266 3816 hoc
2304 3743 2697 3843 praecipue
2728 3752 2913 3815 tem-

461 3869 662 3968 poris
690 3869 1084 3967 interuallo
1124 3870 1352 3942 multa
1389 3869 1812 3942 desiderari.
1854 3870 2062 3941 Tunc
2092 3879 2293 3941 certo
2329 3867 2634 3965 exsequi
2671 3866 2914 3966 coepit

464 3993 889 4066 Hadrianus
933 3993 1131 4093 quod
1176 3994 1323 4067 iam
1358 3994 1670 4066 Traiano
1714 3994 2129 4092 imperante
2161 3990 2717 4091 suscipiendum
2763 3992 2915 4063 for-

465 4129 652 4191 tasse
692 4119 1197 4217 cogitauerant
1235 4119 1533 4218 Delphi,
1576 4118 1701 4190 sed
1750 4144 1835 4190 ea
1880 4128 2534 4189 monumentorum
2580 4115 2915 4214 magnifi-
2976 4125 2985 4130 '
3085 4118 3089 4122 ’

540 4398 590 4450 1.
631 4396 782 4460 Quid
814 4396 1064 4450 ualuerit
1113 4393 1418 4449 ἐπιστέλλειν
1453 4395 1883 4450 demonstrauit
1916 4394 1980 4449 R.
2030 4394 2318 4466 Laqueum
2361 4392 2592 4457 Quaen.
2634 4393 2821 4477 epigr-.-
2862 4398 2914 4445 et

473 4485 716 4555 oapyrol
743 4486 845 4539 sel.
875 4502 930 4555 p.
963 4486 1050 4540 17.
2837 4489 2844 4495 “
