3692 5643
1343 701 1431 747 m:
1485 701 1980 749 AnonoNvas
2495 747 2501 751 ,
2793 677 2888 750 33

438 882 444 889 ·
533 852 648 925 Ad
690 854 777 925 P.
822 838 1121 925 Aelium
1162 852 1677 949 Pythodorum
1718 879 1914 926 nunc
1964 852 2211 942 uenio,
2248 852 2458 925 ouius
2499 880 2770 926 nomen
2810 854 2888 926 in

432 974 1369 1078 inscriptioneflnuperrime
1404 979 1619 1050 allata
1646 978 1988 1076 supplere
2039 1003 2190 1049 non
2230 976 2601 1066 dubitaui3
2649 1005 2891 1078 neque

432 1102 630 1175 enim
662 1102 888 1174 alium
928 1104 1016 1174 P.
1053 1102 1351 1175 Aelium
1398 1102 1770 1201 Delphum
1793 1129 1831 1173 e
1873 1101 2143 1173 nostris
2178 1101 2642 1174 documentis
2680 1102 2892 1174 noui-

432 1252 620 1299 mus.
650 1224 988 1300 Fortasse
1019 1253 1251 1326 nepos
1280 1226 1479 1298 illius
1505 1226 1919 1324 Pythodori
1932 1252 2155 1323 quem
2174 1226 2602 1298 archontem
2643 1227 2889 1326 priore

430 1348 718 1424 saeculo
776 1350 1004 1424 fuisse
1043 1351 1468 1424 monuimus
1510 1352 1561 1440 ¹,
1606 1353 1913 1422 fortasse
1960 1350 2181 1424 etiam
2225 1350 2420 1422 filius
2475 1350 2891 1449 Pythodori

431 1475 810 1549 cuiusdam
848 1474 939 1547 de
962 1476 1199 1574 quoin
1213 1474 1509 1547 Traiani
1530 1475 1866 1573 epistulis
1889 1473 2153 1573 agitur,
2177 1476 2262 1547 P.
2291 1474 2412 1547 hie
2440 1475 2699 1548 Aelius
2720 1474 2883 1560 fuit,

427 1599 557 1700 qui
590 1600 866 1672 archon
904 1609 1060 1672 erat
1094 1625 1265 1671 oum
1292 1599 1379 1672 C.
1411 1599 1644 1670 Iulius
1680 1598 2113 1671 Eudaemon
2144 1598 2623 1671 Atheniensis
2648 1600 2883 1672 hono-

430 1725 630 1787 ratus
669 1725 779 1787 est
815 1717 868 1788 2.
911 1716 1146 1787 Porro
1200 1741 1290 1786 ex
1333 1714 1579 1788 uerbis
1617 1739 1806 1813 quae
1834 1713 2008 1785 huic
2052 1713 2262 1785 titulo
2301 1713 2632 1787 subiecta
2685 1724 2884 1805 sunt,

433 1838 736 1922 ἑνείκαδὲ
774 1847 891 1919 καὶ
935 1838 1194 1930 Πύθια,
1240 1874 1390 1920 non
1439 1858 1714 1919 temere
1799 1847 2138 1924 intuleris
2209 1847 2619 1944 Pythodori
2692 1873 2889 1920 anno

435 1971 706 2071 Pythia
750 1971 1117 2044 celebrata
1158 1997 1343 2044 esse.
1396 1972 1582 2044 Nam
1629 1981 1752 2043 aut
1795 1970 2311 2069 quadratarius
2367 1997 2449 2043 ea
2488 1944 2888 2071 postmodo

430 2095 695 2168 adiecit
727 2105 877 2183 aut,
917 2096 1116 2194 quod
1142 2095 1600 2194 probabilius
1622 2094 1806 2167 mihi
1840 2094 2162 2183 uidetur,
2197 2095 2578 2167 decretum
2613 2097 2891 2168 factum

430 2230 722 2292 estante
761 2219 1065 2317 Pythia,
1100 2220 1177 2292 in
1221 2220 1463 2318 primo
1508 2230 1588 2291 ut
1638 2228 1819 2318 puta
1857 2219 2033 2291 anni
2057 2245 2337 2310 mense,
2364 2229 2435 2290 et
2473 2231 2640 2318 post
2676 2219 2892 2292 ludos

427 2354 763 2443 peractos
797 2343 1299 2419 Eudaemonis
1336 2344 1644 2417 uictoria
1678 2343 2046 2442 insculpta
2085 2354 2218 2416 est.
2259 2344 2454 2441 Ergo
2487 2354 2611 2415 aut
2641 2371 2707 2417 a.
2751 2346 2890 2416 119

433 2478 559 2540 aut
595 2495 663 2543 a.
709 2469 846 2542 123
885 2468 1314 2567 Pythodoro
1352 2467 1677 2541 tribuere
1713 2467 2070 2564 cogimur.

538 2593 1017 2666 Buleutarum
1048 2619 1227 2665 uero
1259 2593 1388 2691 qui
1419 2592 1678 2665 eodem
1711 2618 1907 2665 anno
1943 2618 2077 2664 suo
2114 2605 2421 2665 munere
2452 2592 2685 2665 functi
2720 2602 2894 2665 sunt

434 2727 698 2791 neuter
736 2728 847 2790 est
881 2717 1486 2816 praetereundus.
1533 2717 1722 2789 Nam
1761 2716 1904 2788 hoo
1939 2715 2154 2788 titulo
2196 2720 2222 2762 3
2284 2741 2300 2790 :

1241 2901 1425 2977 Θεός.
1480 2899 1655 2985 Τύχα
1704 2899 1920 2984 ἀγαθά.

969 3016 1042 3079 Γ.
1097 3012 1347 3081 Ἰούλιον
1390 3016 1712 3081 Καπίτωνα
1750 3014 2069 3080 Μακεδόνα
2102 3013 2268 3080 Δελ-

970 3135 1063 3217 φοὶ
1095 3109 1337 3217 Δελφὸν·
1373 3136 1648 3228 ἐποίησαν
1688 3135 1786 3196 καὶ
1814 3130 1887 3196 τὰ
1925 3135 2088 3195 ἄλλα
2124 3132 2316 3197 πάντα

974 3251 1196 3313 ἔδωκαν
1225 3249 1334 3313 ’όσα
1361 3262 1486 3325 τοῖς
1518 3252 1725 3323 καλοῖς
1757 3246 2044 3330 κάγαθοῖς
2077 3246 2175 3311 ἁν-

969 3365 1136 3448 δράσι
1166 3368 1406 3430 δίδοται.
1443 3359 1781 3448 ’Άρχοντος
1808 3361 2021 3428 Αἰλίου
2063 3361 2270 3426 Πυθο-

974 3478 1188 3564 δώρου,
1223 3482 1626 3558 βουλευόντων
1673 3474 1932 3542 Ἀὅιδίου
1982 3473 2224 3557 Ὀνησι-

974 3597 1154 3679 φόρου
1186 3599 1285 3659 καὶ
1324 3594 1629 3660 Πακουίου
1671 3589 1999 3658 Ὀπτάτου.

436 3802 736 3874 nomina
786 3804 933 3875 duo
992 3802 1425 3876 adferuntur
1480 3812 1668 3901 quae
1727 3828 1878 3873 non
1925 3802 2249 3900 primum
2301 3801 2422 3874 hie
2464 3814 2889 3877 occurrunt.

437 3927 723 4025 Nempe
759 3927 880 3999 hio
913 3925 1452 4025 Onesiphorus,
1489 3927 1614 4024 qui
1646 3952 1923 3998 nomen
1962 3925 2054 3999 ab
2091 3952 2242 3998 uno
2287 3937 2411 3999 aut
2445 3927 2674 4000 altero
2713 3927 2898 3999 Aui-

517 4212 568 4266 1.
611 4210 699 4266 Cf.
776 4253 789 4267 .
823 4213 913 4266 22.

511 4303 563 4355 2.
603 4228 767 4355 BCFIIJ
785 4300 967 4353 XVIII
995 4318 1052 4371 p.
1081 4302 1147 4355 98
1177 4305 1236 4354 et
1261 4300 1387 4354 XIX
1406 4318 1463 4371 p.
1499 4301 1621 4355 548.
1644 4301 2059 4371 Fragmentum
2086 4316 2320 4372 quoque
2341 4318 2457 4371 quo
2484 4306 2744 4356 extrema
2761 4320 2897 4373 pars

437 4389 752 4460 Πυθοδώρου
789 4389 1047 4443 nominis
1079 4389 1426 4444 adseruntur
1454 4394 1685 4443 erutum
1715 4407 1850 4443 esse
1881 4406 2064 4460 paene
2087 4407 2192 4460 pro
2217 4393 2379 4444 certo
2407 4390 2619 4445 habeo.

517 4480 570 4532 3.
613 4480 686 4533 Ν.
721 4479 884 4534 4069.
2622 4557 2651 4599 3
