<?xml version="1.0" encoding="UTF-8"?>
<!DOCTYPE html PUBLIC "-//W3C//DTD XHTML 1.0 Transitional//EN"
    "http://www.w3.org/TR/xhtml1/DTD/xhtml1-transitional.dtd">
<html xmlns="http://www.w3.org/1999/xhtml" xml:lang="en" lang="en">
 <head>
  <title>
</title>
<meta http-equiv="Content-Type" content="text/html;charset=utf-8" />
  <meta name='ocr-system' content='tesseract 3.04.00' />
  <meta name='ocr-capabilities' content='ocr_page ocr_carea ocr_par ocr_line ocrx_word'/>
</head>
<body>
  <div class='ocr_page' id='page_1' title='image "./derebusdelphici01bourgoog_0073.png"; bbox 0 0 3692 5643; ppageno 0'>
   <div class='ocr_carea' id='block_1_1' title="bbox 1113 606 2899 676">
    <p class='ocr_par' dir='ltr' id='par_1_1' title="bbox 1113 606 2899 676">
     <span class='ocr_line' id='line_1_1' title="bbox 1113 606 2899 676; baseline 0.002 -4"><span class='ocrx_word' id='word_1_1' title='bbox 1113 627 1200 672; x_wconf 84' lang='lat' dir='ltr'>DE</span> <span class='ocrx_word' id='word_1_2' title='bbox 1253 627 1814 675; x_wconf 82' lang='lat' dir='ltr'><strong>AMPHICTYONVM</strong></span> <span class='ocrx_word' id='word_1_3' title='bbox 1859 627 2268 674; x_wconf 81' lang='lat' dir='ltr'><strong>EPIMELETIS</strong></span> <span class='ocrx_word' id='word_1_4' title='bbox 2808 606 2899 676; x_wconf 77' lang='lat'>55</span> 
     </span>
    </p>
   </div>
   <div class='ocr_carea' id='block_1_2' title="bbox 443 778 2904 1721">
    <p class='ocr_par' dir='ltr' id='par_1_2' title="bbox 443 778 2904 992">
     <span class='ocr_line' id='line_1_2' title="bbox 443 778 2904 921; baseline 0.002 -72"><span class='ocrx_word' id='word_1_5' title='bbox 443 778 641 850; x_wconf 87' lang='lat' dir='ltr'>linus</span> <span class='ocrx_word' id='word_1_6' title='bbox 684 778 802 851; x_wconf 92' lang='lat' dir='ltr'>cui</span> <span class='ocrx_word' id='word_1_7' title='bbox 836 779 1017 877; x_wconf 89' lang='lat' dir='ltr'><strong>imp.</strong></span> <span class='ocrx_word' id='word_1_8' title='bbox 1059 780 1588 851; x_wconf 91' lang='lat' dir='ltr'>Domitianus</span> <span class='ocrx_word' id='word_1_9' title='bbox 1568 804 1768 852; x_wconf 81' lang='lat' dir='ltr'>iussa</span> <span class='ocrx_word' id='word_1_10' title='bbox 1799 807 1932 852; x_wconf 89' lang='lat' dir='ltr'>sua</span> <span class='ocrx_word' id='word_1_11' title='bbox 1969 779 2058 852; x_wconf 92' lang='lat' dir='ltr'>de</span> <span class='ocrx_word' id='word_1_12' title='bbox 2106 781 2394 880; x_wconf 78' lang='lat' dir='ltr'>pythiis</span> <span class='ocrx_word' id='word_1_13' title='bbox 2430 783 2904 921; x_wconf 85' lang='lat' dir='ltr'>exsequenda</span> 
     </span>
     <span class='ocr_line' id='line_1_3' title="bbox 445 903 1977 992; baseline 0.001 -17"><span class='ocrx_word' id='word_1_14' title='bbox 445 904 819 975; x_wconf 82' lang='lat' dir='ltr'>commisit</span> <span class='ocrx_word' id='word_1_15' title='bbox 857 905 905 992; x_wconf 88' lang='lat'>¹,</span> <span class='ocrx_word' id='word_1_16' title='bbox 951 914 1024 975; x_wconf 89' lang='lat' dir='ltr'>et</span> <span class='ocrx_word' id='word_1_17' title='bbox 1053 903 1442 992; x_wconf 80' lang='lat' dir='ltr'>EubiotuS,</span> <span class='ocrx_word' id='word_1_18' title='bbox 1486 914 1558 974; x_wconf 91' lang='lat' dir='ltr'>et</span> <span class='ocrx_word' id='word_1_19' title='bbox 1596 905 1977 976; x_wconf 83' lang='lat' dir='ltr'>Petraeus.</span> 
     </span>
    </p>

    <p class='ocr_par' dir='ltr' id='par_1_3' title="bbox 443 1027 2902 1721">
     <span class='ocr_line' id='line_1_4' title="bbox 545 1027 2902 1126; baseline 0.003 -27"><span class='ocrx_word' id='word_1_20' title='bbox 545 1027 775 1099; x_wconf 89' lang='lat' dir='ltr'>Cuius</span> <span class='ocrx_word' id='word_1_21' title='bbox 819 1029 1159 1126; x_wconf 87' lang='lat' dir='ltr'>exemplo</span> <span class='ocrx_word' id='word_1_22' title='bbox 1219 1028 1732 1101; x_wconf 82' lang='lat' dir='ltr'>consistamus.</span> <span class='ocrx_word' id='word_1_23' title='bbox 1789 1029 1872 1101; x_wconf 92' lang='lat' dir='ltr'>L.</span> <span class='ocrx_word' id='word_1_24' title='bbox 1935 1028 2133 1101; x_wconf 90' lang='lat' dir='ltr'>enim</span> <span class='ocrx_word' id='word_1_25' title='bbox 2194 1030 2491 1103; x_wconf 81' lang='lat' dir='ltr'>Cassius</span> <span class='ocrx_word' id='word_1_26' title='bbox 2551 1031 2902 1105; x_wconf 86' lang='lat' dir='ltr'>Petraeus</span> 
     </span>
     <span class='ocr_line' id='line_1_5' title="bbox 445 1151 2899 1257; baseline 0.002 -34"><span class='ocrx_word' id='word_1_27' title='bbox 445 1151 840 1250; x_wconf 86' lang='lat' dir='ltr'>epimeleta</span> <span class='ocrx_word' id='word_1_28' title='bbox 877 1152 1017 1222; x_wconf 90' lang='lat' dir='ltr'>fuit</span> <span class='ocrx_word' id='word_1_29' title='bbox 1063 1152 1133 1223; x_wconf 90' lang='lat' dir='ltr'>in</span> <span class='ocrx_word' id='word_1_30' title='bbox 1191 1152 1429 1250; x_wconf 89' lang='lat' dir='ltr'>primo</span> <span class='ocrx_word' id='word_1_31' title='bbox 1468 1153 1771 1224; x_wconf 89' lang='lat' dir='ltr'>secundi</span> <span class='ocrx_word' id='word_1_32' title='bbox 1835 1154 2554 1257; x_wconf 30' lang='lat' dir='ltr'>saeculi-decenum,</span> <span class='ocrx_word' id='word_1_33' title='bbox 2617 1167 2766 1243; x_wconf 84' lang='lat' dir='ltr'>aut,</span> <span class='ocrx_word' id='word_1_34' title='bbox 2819 1168 2899 1229; x_wconf 91' lang='lat' dir='ltr'>ut</span> 
     </span>
     <span class='ocr_line' id='line_1_6' title="bbox 444 1276 2889 1379; baseline 0.002 -32"><span class='ocrx_word' id='word_1_35' title='bbox 444 1276 771 1374; x_wconf 82' lang='lat' dir='ltr'>pressius</span> <span class='ocrx_word' id='word_1_36' title='bbox 811 1277 1097 1373; x_wconf 88' lang='lat' dir='ltr'>loquar,</span> <span class='ocrx_word' id='word_1_37' title='bbox 1161 1276 1356 1348; x_wconf 88' lang='lat' dir='ltr'>inter</span> <span class='ocrx_word' id='word_1_38' title='bbox 1407 1302 1642 1348; x_wconf 87' lang='lat' dir='ltr'>annos</span> <span class='ocrx_word' id='word_1_39' title='bbox 1696 1279 1829 1349; x_wconf 80' lang='lat'>102</span> <span class='ocrx_word' id='word_1_40' title='bbox 1883 1288 1954 1348; x_wconf 93' lang='lat' dir='ltr'>et</span> <span class='ocrx_word' id='word_1_41' title='bbox 2005 1280 2168 1367; x_wconf 83' lang='lat'><strong>114,</strong></span> <span class='ocrx_word' id='word_1_42' title='bbox 2224 1305 2393 1350; x_wconf 89' lang='lat' dir='ltr'>cum</span> <span class='ocrx_word' id='word_1_43' title='bbox 2448 1290 2683 1352; x_wconf 87' lang='lat' dir='ltr'>statua</span> <span class='ocrx_word' id='word_1_44' title='bbox 2709 1279 2889 1379; x_wconf 91' lang='lat' dir='ltr'>imp.</span> 
     </span>
     <span class='ocr_line' id='line_1_7' title="bbox 443 1399 2893 1498; baseline 0.002 -27"><span class='ocrx_word' id='word_1_45' title='bbox 443 1401 758 1472; x_wconf 83' lang='lat' dir='ltr'>Traiano</span> <span class='ocrx_word' id='word_1_46' title='bbox 808 1399 897 1471; x_wconf 91' lang='lat' dir='ltr'>ab</span> <span class='ocrx_word' id='word_1_47' title='bbox 944 1399 1622 1498; x_wconf 85' lang='lat' dir='ltr'>Amphictyonibus</span> <span class='ocrx_word' id='word_1_48' title='bbox 1680 1400 2015 1474; x_wconf 88' lang='lat' dir='ltr'>dedicata</span> <span class='ocrx_word' id='word_1_49' title='bbox 2061 1412 2170 1474; x_wconf 87' lang='lat' dir='ltr'>est</span> <span class='ocrx_word' id='word_1_50' title='bbox 2198 1405 2250 1473; x_wconf 74' lang='lat'>2.</span> <span class='ocrx_word' id='word_1_51' title='bbox 2307 1403 2595 1478; x_wconf 87' lang='lat' dir='ltr'>Paucos</span> <span class='ocrx_word' id='word_1_52' title='bbox 2649 1416 2893 1476; x_wconf 90' lang='lat' dir='ltr'>autem</span> 
     </span>
     <span class='ocr_line' id='line_1_8' title="bbox 443 1524 2897 1628; baseline 0.001 -31"><span class='ocrx_word' id='word_1_53' title='bbox 443 1537 610 1624; x_wconf 91' lang='lat' dir='ltr'>post</span> <span class='ocrx_word' id='word_1_54' title='bbox 651 1550 884 1596; x_wconf 84' lang='lat' dir='ltr'>annos</span> <span class='ocrx_word' id='word_1_55' title='bbox 932 1525 1235 1596; x_wconf 85' lang='lat' dir='ltr'>alteram</span> <span class='ocrx_word' id='word_1_56' title='bbox 1293 1524 1535 1596; x_wconf 91' lang='lat' dir='ltr'>eidem</span> <span class='ocrx_word' id='word_1_57' title='bbox 1589 1526 2018 1624; x_wconf 86' lang='lat' dir='ltr'>imperatori</span> <span class='ocrx_word' id='word_1_58' title='bbox 2072 1537 2387 1600; x_wconf 84' lang='lat' dir='ltr'>statuam</span> <span class='ocrx_word' id='word_1_59' title='bbox 2432 1529 2587 1628; x_wconf 89' lang='lat' dir='ltr'>ipse</span> <span class='ocrx_word' id='word_1_60' title='bbox 2639 1555 2897 1601; x_wconf 88' lang='lat' dir='ltr'>conse-</span> 
     </span>
     <span class='ocr_line' id='line_1_9' title="bbox 444 1650 739 1721; baseline 0 0"><span class='ocrx_word' id='word_1_61' title='bbox 444 1650 739 1721; x_wconf 89' lang='lat' dir='ltr'>crauit.</span> <span class='ocrx_word' id='word_1_62' title='bbox 725 1674 738 1687; x_wconf 92' lang='lat'><strong>·</strong></span> 
     </span>
    </p>
   </div>
   <div class='ocr_carea' id='block_1_3' title="bbox 421 1805 2898 3289">
    <p class='ocr_par' dir='ltr' id='par_1_4' title="bbox 710 1805 1965 1892">
     <span class='ocr_line' id='line_1_10' title="bbox 710 1805 1965 1892; baseline 0.002 -23"><span class='ocrx_word' id='word_1_63' title='bbox 710 1806 1137 1891; x_wconf 72' lang='grc' dir='ltr'>Αὒτοκράτορα</span> <span class='ocrx_word' id='word_1_64' title='bbox 1164 1805 1361 1892; x_wconf 74' lang='grc' dir='ltr'>ΝέρΙό</span> <span class='ocrx_word' id='word_1_65' title='bbox 1368 1834 1435 1871; x_wconf 83' lang='grc' dir='ltr'>αν</span> <span class='ocrx_word' id='word_1_66' title='bbox 1474 1805 1770 1892; x_wconf 83' lang='grc' dir='ltr'>Τραιανον</span> <span class='ocrx_word' id='word_1_67' title='bbox 1809 1807 1933 1872; x_wconf 79' lang='grc' dir='ltr'>Καί</span> <span class='ocrx_word' id='word_1_68' title='bbox 1917 1835 1965 1855; x_wconf 92' lang='lat'>-</span> 
     </span>
    </p>

    <p class='ocr_par' dir='ltr' id='par_1_5' title="bbox 718 1923 1935 2009">
     <span class='ocr_line' id='line_1_11' title="bbox 718 1923 1935 2009; baseline 0.002 -23"><span class='ocrx_word' id='word_1_69' title='bbox 718 1948 867 2006; x_wconf 84' lang='grc' dir='ltr'>σαρα</span> <span class='ocrx_word' id='word_1_70' title='bbox 907 1923 1170 1988; x_wconf 68' lang='grc' dir='ltr'>Σεὸαστο</span> <span class='ocrx_word' id='word_1_71' title='bbox 1143 1949 1203 1987; x_wconf 87' lang='grc' dir='ltr'>ν</span> <span class='ocrx_word' id='word_1_72' title='bbox 1241 1923 1634 2009; x_wconf 74' lang='grc' dir='ltr'>ΓερΙμανικον</span> <span class='ocrx_word' id='word_1_73' title='bbox 1675 1923 1935 1988; x_wconf 77' lang='grc' dir='ltr'>Δακικον</span> 
     </span>
    </p>

    <p class='ocr_par' dir='ltr' id='par_1_6' title="bbox 707 2035 2318 2230">
     <span class='ocr_line' id='line_1_12' title="bbox 707 2035 2318 2124; baseline 0.002 -23"><span class='ocrx_word' id='word_1_74' title='bbox 707 2035 989 2122; x_wconf 74' lang='grc' dir='ltr'>’Ἄριστον</span> <span class='ocrx_word' id='word_1_75' title='bbox 1038 2039 1122 2105; x_wconf 86' lang='grc' dir='ltr'>Λ.</span> <span class='ocrx_word' id='word_1_76' title='bbox 1179 2039 1440 2115; x_wconf 80' lang='grc' dir='ltr'>Κάσσιος</span> <span class='ocrx_word' id='word_1_77' title='bbox 1511 2035 1520 2123; x_wconf 87' lang='grc' dir='ltr'>Ι</span> <span class='ocrx_word' id='word_1_78' title='bbox 1581 2038 1834 2124; x_wconf 73' lang='grc' dir='ltr'>Δερκίου</span> <span class='ocrx_word' id='word_1_79' title='bbox 1880 2046 1999 2116; x_wconf 69' lang='grc' dir='ltr'>υἱός</span> <span class='ocrx_word' id='word_1_80' title='bbox 2050 2040 2318 2124; x_wconf 81' lang='grc' dir='ltr'>Πετραῖ-</span> 
     </span>
     <span class='ocr_line' id='line_1_13' title="bbox 712 2156 1231 2230; baseline 0 -12"><span class='ocrx_word' id='word_1_81' title='bbox 712 2180 775 2230; x_wconf 82' lang='grc' dir='ltr'>ος</span> <span class='ocrx_word' id='word_1_82' title='bbox 809 2158 876 2219; x_wconf 79' lang='grc' dir='ltr'>ἐκ</span> <span class='ocrx_word' id='word_1_83' title='bbox 908 2163 1022 2219; x_wconf 82' lang='grc' dir='ltr'>τῶν</span> <span class='ocrx_word' id='word_1_84' title='bbox 1049 2156 1231 2219; x_wconf 72' lang='grc' dir='ltr'><strong>ἰδίων.</strong></span> 
     </span>
    </p>

    <p class='ocr_par' dir='ltr' id='par_1_7' title="bbox 445 2319 2898 3037">
     <span class='ocr_line' id='line_1_14' title="bbox 542 2319 2890 2419; baseline 0.001 -31"><span class='ocrx_word' id='word_1_85' title='bbox 542 2320 626 2389; x_wconf 92' lang='lat' dir='ltr'>In</span> <span class='ocrx_word' id='word_1_86' title='bbox 667 2319 807 2391; x_wconf 88' lang='lat' dir='ltr'>hoo</span> <span class='ocrx_word' id='word_1_87' title='bbox 839 2319 1048 2391; x_wconf 86' lang='lat' dir='ltr'>titulo</span> <span class='ocrx_word' id='word_1_88' title='bbox 1086 2320 1300 2392; x_wconf 88' lang='lat' dir='ltr'>sicuti</span> <span class='ocrx_word' id='word_1_89' title='bbox 1340 2322 1553 2419; x_wconf 91' lang='lat' dir='ltr'>plane</span> <span class='ocrx_word' id='word_1_90' title='bbox 1591 2320 1663 2391; x_wconf 86' lang='lat' dir='ltr'>in</span> <span class='ocrx_word' id='word_1_91' title='bbox 1696 2321 1822 2391; x_wconf 94' lang='lat' dir='ltr'>illo</span> <span class='ocrx_word' id='word_1_92' title='bbox 1848 2347 2068 2418; x_wconf 91' lang='lat' dir='ltr'>quem</span> <span class='ocrx_word' id='word_1_93' title='bbox 2101 2323 2159 2391; x_wconf 92' lang='lat' dir='ltr'>I.</span> <span class='ocrx_word' id='word_1_94' title='bbox 2200 2321 2539 2392; x_wconf 90' lang='lat' dir='ltr'>Pomtow</span> <span class='ocrx_word' id='word_1_95' title='bbox 2578 2321 2890 2406; x_wconf 76' lang='lat' dir='ltr'>inuenit,</span> 
     </span>
     <span class='ocr_line' id='line_1_15' title="bbox 445 2444 2894 2540; baseline 0.002 -28"><span class='ocrx_word' id='word_1_96' title='bbox 445 2469 592 2514; x_wconf 90' lang='lat' dir='ltr'>non</span> <span class='ocrx_word' id='word_1_97' title='bbox 617 2444 1047 2540; x_wconf 82' lang='lat' dir='ltr'>epimeletae</span> <span class='ocrx_word' id='word_1_98' title='bbox 1080 2444 1223 2516; x_wconf 86' lang='lat' dir='ltr'>iam</span> <span class='ocrx_word' id='word_1_99' title='bbox 1260 2447 1394 2516; x_wconf 86' lang='lat' dir='ltr'>fert</span> <span class='ocrx_word' id='word_1_100' title='bbox 1427 2472 1697 2516; x_wconf 86' lang='lat' dir='ltr'>nomen</span> <span class='ocrx_word' id='word_1_101' title='bbox 1730 2471 1744 2531; x_wconf 81' lang='lat'>3</span> <span class='ocrx_word' id='word_1_102' title='bbox 1779 2472 1915 2517; x_wconf 92' lang='lat' dir='ltr'>nec</span> <span class='ocrx_word' id='word_1_103' title='bbox 1954 2445 2179 2516; x_wconf 90' lang='lat' dir='ltr'>ullam</span> <span class='ocrx_word' id='word_1_104' title='bbox 2205 2445 2547 2517; x_wconf 91' lang='lat' dir='ltr'>uidelicet</span> <span class='ocrx_word' id='word_1_105' title='bbox 2579 2444 2894 2517; x_wconf 87' lang='lat' dir='ltr'>habebat</span> 
     </span>
     <span class='ocr_line' id='line_1_16' title="bbox 445 2569 2894 2668; baseline 0.001 -29"><span class='ocrx_word' id='word_1_106' title='bbox 445 2594 740 2639; x_wconf 89' lang='lat' dir='ltr'>causam</span> <span class='ocrx_word' id='word_1_107' title='bbox 781 2569 960 2665; x_wconf 90' lang='lat' dir='ltr'>quin</span> <span class='ocrx_word' id='word_1_108' title='bbox 998 2596 1084 2640; x_wconf 92' lang='lat' dir='ltr'>eo</span> <span class='ocrx_word' id='word_1_109' title='bbox 1122 2596 1279 2640; x_wconf 90' lang='lat' dir='ltr'>sese</span> <span class='ocrx_word' id='word_1_110' title='bbox 1317 2570 1696 2641; x_wconf 81' lang='lat' dir='ltr'>decoraret</span> <span class='ocrx_word' id='word_1_111' title='bbox 1722 2571 1782 2640; x_wconf 88' lang='lat' dir='ltr'>si</span> <span class='ocrx_word' id='word_1_112' title='bbox 1821 2581 1996 2641; x_wconf 88' lang='lat' dir='ltr'>tunc</span> <span class='ocrx_word' id='word_1_113' title='bbox 2028 2569 2410 2668; x_wconf 86' lang='lat' dir='ltr'>potuisset.</span> <span class='ocrx_word' id='word_1_114' title='bbox 2470 2570 2671 2641; x_wconf 88' lang='lat' dir='ltr'>Haec</span> <span class='ocrx_word' id='word_1_115' title='bbox 2717 2596 2894 2641; x_wconf 89' lang='lat' dir='ltr'>uero</span> 
     </span>
     <span class='ocr_line' id='line_1_17' title="bbox 445 2692 2898 2791; baseline 0.001 -30"><span class='ocrx_word' id='word_1_116' title='bbox 445 2692 671 2761; x_wconf 88' lang='lat' dir='ltr'>altera</span> <span class='ocrx_word' id='word_1_117' title='bbox 709 2692 999 2763; x_wconf 86' lang='lat' dir='ltr'>Traiani</span> <span class='ocrx_word' id='word_1_118' title='bbox 1033 2692 1229 2763; x_wconf 84' lang='lat' dir='ltr'>basis</span> <span class='ocrx_word' id='word_1_119' title='bbox 1271 2702 1567 2790; x_wconf 89' lang='lat' dir='ltr'>propter</span> <span class='ocrx_word' id='word_1_120' title='bbox 1597 2719 2011 2790; x_wconf 84' lang='lat' dir='ltr'>cognomen</span> <span class='ocrx_word' id='word_1_121' title='bbox 2045 2692 2430 2791; x_wconf 86' lang='lat' dir='ltr'>Optimum</span> <span class='ocrx_word' id='word_1_122' title='bbox 2462 2693 2675 2763; x_wconf 87' lang='lat' dir='ltr'>annis</span> <span class='ocrx_word' id='word_1_123' title='bbox 2705 2693 2898 2763; x_wconf 89' lang='lat' dir='ltr'>inter</span> 
     </span>
     <span class='ocr_line' id='line_1_18' title="bbox 449 2816 2897 2915; baseline 0.002 -30"><span class='ocrx_word' id='word_1_124' title='bbox 449 2817 588 2886; x_wconf 84' lang='lat'>114</span> <span class='ocrx_word' id='word_1_125' title='bbox 619 2827 690 2887; x_wconf 91' lang='lat' dir='ltr'>et</span> <span class='ocrx_word' id='word_1_126' title='bbox 728 2817 864 2888; x_wconf 90' lang='grc'>116</span> <span class='ocrx_word' id='word_1_127' title='bbox 897 2828 1096 2889; x_wconf 88' lang='lat' dir='ltr'>certo</span> <span class='ocrx_word' id='word_1_128' title='bbox 1127 2816 1517 2890; x_wconf 87' lang='lat' dir='ltr'>tribuenda</span> <span class='ocrx_word' id='word_1_129' title='bbox 1542 2829 1674 2903; x_wconf 75' lang='lat' dir='ltr'>est,</span> <span class='ocrx_word' id='word_1_130' title='bbox 1711 2818 1882 2889; x_wconf 89' lang='lat' dir='ltr'>inde</span> <span class='ocrx_word' id='word_1_131' title='bbox 1912 2844 2157 2890; x_wconf 88' lang='lat' dir='ltr'>sumes</span> <span class='ocrx_word' id='word_1_132' title='bbox 2194 2818 2589 2890; x_wconf 86' lang='lat' dir='ltr'>Petraeum</span> <span class='ocrx_word' id='word_1_133' title='bbox 2621 2817 2897 2915; x_wconf 90' lang='lat' dir='ltr'>epime-</span> 
     </span>
     <span class='ocr_line' id='line_1_19' title="bbox 446 2941 2221 3037; baseline 0.001 -26"><span class='ocrx_word' id='word_1_134' title='bbox 446 2941 919 3013; x_wconf 80' lang='lat' dir='ltr'>letamantea</span> <span class='ocrx_word' id='word_1_135' title='bbox 957 2942 1202 3031; x_wconf 82' lang='lat' dir='ltr'>fuisse,</span> <span class='ocrx_word' id='word_1_136' title='bbox 1250 2942 1393 3037; x_wconf 37' lang='lat' dir='ltr'>sed·</span> <span class='ocrx_word' id='word_1_137' title='bbox 1421 2969 1569 3014; x_wconf 89' lang='lat' dir='ltr'>non</span> <span class='ocrx_word' id='word_1_138' title='bbox 1607 2942 1752 3013; x_wconf 90' lang='lat' dir='ltr'>illis</span> <span class='ocrx_word' id='word_1_139' title='bbox 1796 2945 1939 3013; x_wconf 87' lang='lat' dir='ltr'>iam</span> <span class='ocrx_word' id='word_1_140' title='bbox 1986 2942 2221 3013; x_wconf 87' lang='lat' dir='ltr'>annis.</span> 
     </span>
    </p>

    <p class='ocr_par' dir='ltr' id='par_1_8' title="bbox 421 3065 2894 3289">
     <span class='ocr_line' id='line_1_20' title="bbox 543 3065 2894 3164; baseline 0 -28"><span class='ocrx_word' id='word_1_141' title='bbox 543 3066 650 3136; x_wconf 86' lang='lat' dir='ltr'>Ex</span> <span class='ocrx_word' id='word_1_142' title='bbox 692 3067 914 3138; x_wconf 89' lang='lat' dir='ltr'>altera</span> <span class='ocrx_word' id='word_1_143' title='bbox 969 3093 1166 3138; x_wconf 90' lang='lat' dir='ltr'>nunc</span> <span class='ocrx_word' id='word_1_144' title='bbox 1221 3079 1422 3164; x_wconf 87' lang='lat' dir='ltr'>parte</span> <span class='ocrx_word' id='word_1_145' title='bbox 1470 3066 1843 3137; x_wconf 81' lang='lat' dir='ltr'>Plutarchi</span> <span class='ocrx_word' id='word_1_146' title='bbox 1886 3065 2113 3137; x_wconf 88' lang='lat' dir='ltr'>uerba</span> <span class='ocrx_word' id='word_1_147' title='bbox 2153 3070 2178 3110; x_wconf 78' lang='grc'>3</span> <span class='ocrx_word' id='word_1_148' title='bbox 2218 3066 2385 3137; x_wconf 88' lang='lat' dir='ltr'>trita</span> <span class='ocrx_word' id='word_1_149' title='bbox 2428 3066 2731 3163; x_wconf 88' lang='lat' dir='ltr'>quidem</span> <span class='ocrx_word' id='word_1_150' title='bbox 2768 3066 2894 3137; x_wconf 91' lang='lat' dir='ltr'>sed</span> 
     </span>
     <span class='ocr_line' id='line_1_21' title="bbox 421 3189 2891 3289; baseline 0.001 -29"><span class='ocrx_word' id='word_1_151' title='bbox 421 3190 776 3261; x_wconf 36' lang='lat' dir='ltr'>‘nondum</span> <span class='ocrx_word' id='word_1_152' title='bbox 835 3217 952 3261; x_wconf 91' lang='lat' dir='ltr'>me</span> <span class='ocrx_word' id='word_1_153' title='bbox 995 3192 1249 3262; x_wconf 85' lang='lat' dir='ltr'>saltem</span> <span class='ocrx_word' id='word_1_154' title='bbox 1305 3192 1547 3262; x_wconf 79' lang='lat' dir='ltr'>iudice</span> <span class='ocrx_word' id='word_1_155' title='bbox 1599 3192 1960 3270; x_wconf 20' lang='lat' dir='ltr'>exhausta&lt;</span> <span class='ocrx_word' id='word_1_156' title='bbox 2012 3201 2432 3289; x_wconf 80' lang='lat' dir='ltr'>repetamus</span> <span class='ocrx_word' id='word_1_157' title='bbox 2479 3214 2492 3261; x_wconf 91' lang='lat'>:</span> <span class='ocrx_word' id='word_1_158' title='bbox 2547 3191 2667 3263; x_wconf 85' lang='grc' dir='ltr'>καὶ</span> <span class='ocrx_word' id='word_1_159' title='bbox 2753 3189 2891 3288; x_wconf 82' lang='grc' dir='ltr'>μὴν</span> 
     </span>
    </p>
   </div>
   <div class='ocr_carea' id='block_1_4' title="bbox 440 3314 2895 3938">
    <p class='ocr_par' dir='ltr' id='par_1_9' title="bbox 440 3314 2895 3938">
     <span class='ocr_line' id='line_1_22' title="bbox 443 3314 2888 3422; baseline 0 -30"><span class='ocrx_word' id='word_1_160' title='bbox 443 3318 644 3393; x_wconf 82' lang='grc' dir='ltr'>οἶσθά</span> <span class='ocrx_word' id='word_1_161' title='bbox 685 3351 769 3420; x_wconf 82' lang='grc' dir='ltr'>με</span> <span class='ocrx_word' id='word_1_162' title='bbox 807 3330 909 3420; x_wconf 84' lang='grc' dir='ltr'>τῷ</span> <span class='ocrx_word' id='word_1_163' title='bbox 953 3316 1195 3419; x_wconf 83' lang='grc' dir='ltr'><strong>Πυθίῳ</strong></span> <span class='ocrx_word' id='word_1_164' title='bbox 1218 3323 1763 3422; x_wconf 80' lang='grc' dir='ltr'>λειτουργοῦντα</span> <span class='ocrx_word' id='word_1_165' title='bbox 1806 3322 2084 3406; x_wconf 76' lang='grc' dir='ltr'>πολλὰς</span> <span class='ocrx_word' id='word_1_166' title='bbox 2126 3314 2515 3410; x_wconf 75' lang='grc' dir='ltr'>Πυθιάδας,</span> <span class='ocrx_word' id='word_1_167' title='bbox 2555 3318 2727 3395; x_wconf 87' lang='grc' dir='ltr'>ἀλλ’</span> <span class='ocrx_word' id='word_1_168' title='bbox 2759 3332 2888 3395; x_wconf 84' lang='grc' dir='ltr'>οὐκ</span> 
     </span>
     <span class='ocr_line' id='line_1_23' title="bbox 441 3448 2888 3557; baseline -0 -30"><span class='ocrx_word' id='word_1_169' title='bbox 441 3457 523 3529; x_wconf 81' lang='grc' dir='ltr'>ἂν</span> <span class='ocrx_word' id='word_1_170' title='bbox 565 3462 777 3541; x_wconf 83' lang='grc' dir='ltr'>εἴποις</span> <span class='ocrx_word' id='word_1_171' title='bbox 825 3478 838 3490; x_wconf 92' lang='grc'><em>·</em></span> <span class='ocrx_word' id='word_1_172' title='bbox 891 3456 1091 3529; x_wconf 83' lang='grc' dir='ltr'>ἱκανά</span> <span class='ocrx_word' id='word_1_173' title='bbox 1140 3484 1274 3539; x_wconf 89' lang='grc' dir='ltr'>σοι,</span> <span class='ocrx_word' id='word_1_174' title='bbox 1306 3453 1361 3527; x_wconf 84' lang='grc' dir='ltr'>ὦ</span> <span class='ocrx_word' id='word_1_175' title='bbox 1412 3448 1870 3557; x_wconf 85' lang='grc' dir='ltr'>Πλόυταρχε,</span> <span class='ocrx_word' id='word_1_176' title='bbox 1917 3457 2198 3529; x_wconf 84' lang='grc' dir='ltr'>τέθυται</span> <span class='ocrx_word' id='word_1_177' title='bbox 2244 3457 2360 3528; x_wconf 85' lang='grc' dir='ltr'>καὶ</span> <span class='ocrx_word' id='word_1_178' title='bbox 2399 3457 2888 3554; x_wconf 76' lang='grc' dir='ltr'>πεπόμπευται</span> 
     </span>
     <span class='ocr_line' id='line_1_24' title="bbox 441 3582 2891 3691; baseline 0 -29"><span class='ocrx_word' id='word_1_179' title='bbox 441 3592 557 3662; x_wconf 85' lang='grc' dir='ltr'>καὶ</span> <span class='ocrx_word' id='word_1_180' title='bbox 614 3590 1055 3691; x_wconf 80' lang='grc' dir='ltr'>κεχόρευται,</span> <span class='ocrx_word' id='word_1_181' title='bbox 1119 3606 1239 3664; x_wconf 80' lang='grc' dir='ltr'>νῦν</span> <span class='ocrx_word' id='word_1_182' title='bbox 1304 3582 1365 3661; x_wconf 77' lang='grc' dir='ltr'>δ’</span> <span class='ocrx_word' id='word_1_183' title='bbox 1412 3590 1559 3689; x_wconf 87' lang='grc' dir='ltr'>ὥρα</span> <span class='ocrx_word' id='word_1_184' title='bbox 1639 3587 2109 3689; x_wconf 80' lang='grc' dir='ltr'>πρεσβύτερον</span> <span class='ocrx_word' id='word_1_185' title='bbox 2160 3587 2325 3663; x_wconf 78' lang='grc' dir='ltr'>’όντα</span> <span class='ocrx_word' id='word_1_186' title='bbox 2373 3594 2491 3663; x_wconf 72' lang='grc' dir='ltr'>τόν</span> <span class='ocrx_word' id='word_1_187' title='bbox 2554 3584 2891 3688; x_wconf 73' lang='grc' dir='ltr'>στέφανον</span> 
     </span>
     <span class='ocr_line' id='line_1_25' title="bbox 441 3714 2894 3813; baseline 0 -27"><span class='ocrx_word' id='word_1_188' title='bbox 441 3715 814 3788; x_wconf 86' lang='grc' dir='ltr'>ἀποθέσθαι</span> <span class='ocrx_word' id='word_1_189' title='bbox 996 3716 1226 3799; x_wconf 78' lang='lat' dir='ltr'>Quae,</span> <span class='ocrx_word' id='word_1_190' title='bbox 1262 3715 1435 3787; x_wconf 89' lang='lat' dir='ltr'>licet</span> <span class='ocrx_word' id='word_1_191' title='bbox 1472 3715 1832 3787; x_wconf 87' lang='lat' dir='ltr'>facundus</span> <span class='ocrx_word' id='word_1_192' title='bbox 1874 3715 1993 3785; x_wconf 88' lang='lat' dir='ltr'>ille</span> <span class='ocrx_word' id='word_1_193' title='bbox 2021 3714 2335 3813; x_wconf 85' lang='lat' dir='ltr'>scriptor</span> <span class='ocrx_word' id='word_1_194' title='bbox 2387 3740 2539 3786; x_wconf 91' lang='lat' dir='ltr'>non</span> <span class='ocrx_word' id='word_1_195' title='bbox 2600 3716 2894 3811; x_wconf 86' lang='lat' dir='ltr'>semper</span> 
     </span>
     <span class='ocr_line' id='line_1_26' title="bbox 440 3819 2895 3938; baseline -0 -26"><span class='ocrx_word' id='word_1_196' title='bbox 440 3852 772 3912; x_wconf 84' lang='lat' dir='ltr'>accurate</span> <span class='ocrx_word' id='word_1_197' title='bbox 794 3842 1163 3938; x_wconf 82' lang='lat' dir='ltr'>quuatur,</span> <span class='ocrx_word' id='word_1_198' title='bbox 1183 3840 1274 3912; x_wconf 88' lang='lat' dir='ltr'>ad</span> <span class='ocrx_word' id='word_1_199' title='bbox 1296 3851 1624 3911; x_wconf 88' lang='lat' dir='ltr'>nostram</span> <span class='ocrx_word' id='word_1_200' title='bbox 1650 3866 1807 3910; x_wconf 90' lang='lat' dir='ltr'>rem</span> <span class='ocrx_word' id='word_1_201' title='bbox 1826 3819 2174 3910; x_wconf 78' lang='lat' dir='ltr'>uidentur</span> <span class='ocrx_word' id='word_1_202' title='bbox 2194 3839 2581 3936; x_wconf 86' lang='lat' dir='ltr'>quadrare.</span> <span class='ocrx_word' id='word_1_203' title='bbox 2600 3830 2895 3911; x_wconf 85' lang='grc' dir='ltr'>Τέθυται</span> 
     </span>
    </p>
   </div>
   <div class='ocr_carea' id='block_1_5' title="bbox 441 3971 2894 4071">
    <p class='ocr_par' dir='ltr' id='par_1_10' title="bbox 441 3971 2894 4071">
     <span class='ocr_line' id='line_1_27' title="bbox 441 3971 2894 4071; baseline -0.001 -26"><span class='ocrx_word' id='word_1_204' title='bbox 441 3975 638 4045; x_wconf 91' lang='lat' dir='ltr'>enim</span> <span class='ocrx_word' id='word_1_205' title='bbox 663 3974 1067 4046; x_wconf 88' lang='lat' dir='ltr'>sacerdotis</span> <span class='ocrx_word' id='word_1_206' title='bbox 1093 3984 1225 4063; x_wconf 88' lang='lat' dir='ltr'>est,</span> <span class='ocrx_word' id='word_1_207' title='bbox 1254 3973 1407 4056; x_wconf 79' lang='lat' dir='ltr'>sed,</span> <span class='ocrx_word' id='word_1_208' title='bbox 1447 3984 1527 4044; x_wconf 93' lang='lat' dir='ltr'>ut</span> <span class='ocrx_word' id='word_1_209' title='bbox 1560 3973 2139 4070; x_wconf 87' lang='lat' dir='ltr'>praetermittam</span> <span class='ocrx_word' id='word_1_210' title='bbox 2170 3971 2653 4071; x_wconf 80' lang='grc' dir='ltr'>πεπόμπευται</span> <span class='ocrx_word' id='word_1_211' title='bbox 2712 3972 2894 4043; x_wconf 90' lang='lat' dir='ltr'>illud</span> 
     </span>
    </p>
   </div>
   <div class='ocr_carea' id='block_1_6' title="bbox 441 4152 2888 4490">
    <p class='ocr_par' dir='ltr' id='par_1_11' title="bbox 512 4152 1914 4224">
     <span class='ocr_line' id='line_1_28' title="bbox 512 4152 1914 4224; baseline -0.001 -19"><span class='ocrx_word' id='word_1_212' title='bbox 512 4156 562 4207; x_wconf 90' lang='lat'>1.</span> <span class='ocrx_word' id='word_1_213' title='bbox 605 4152 690 4205; x_wconf 83' lang='lat' dir='ltr'>Cf.</span> <span class='ocrx_word' id='word_1_214' title='bbox 727 4170 856 4224; x_wconf 83' lang='lat' dir='ltr'>cap.</span> <span class='ocrx_word' id='word_1_215' title='bbox 889 4172 930 4204; x_wconf 89' lang='lat'>11</span> <span class='ocrx_word' id='word_1_216' title='bbox 953 4170 1087 4224; x_wconf 84' lang='lat' dir='ltr'>pars</span> <span class='ocrx_word' id='word_1_217' title='bbox 1114 4153 1212 4205; x_wconf 92' lang='lat' dir='ltr'>ubi</span> <span class='ocrx_word' id='word_1_218' title='bbox 1240 4153 1312 4206; x_wconf 92' lang='lat' dir='ltr'>de</span> <span class='ocrx_word' id='word_1_219' title='bbox 1349 4152 1676 4205; x_wconf 86' lang='lat' dir='ltr'>Domitiano</span> <span class='ocrx_word' id='word_1_220' title='bbox 1703 4152 1914 4221; x_wconf 82' lang='lat' dir='ltr'>agitur.</span> 
     </span>
    </p>

    <p class='ocr_par' dir='ltr' id='par_1_12' title="bbox 441 4239 2888 4402">
     <span class='ocr_line' id='line_1_29' title="bbox 507 4239 2888 4312; baseline -0.001 -18"><span class='ocrx_word' id='word_1_221' title='bbox 507 4245 561 4297; x_wconf 79' lang='lat'>2.</span> <span class='ocrx_word' id='word_1_222' title='bbox 604 4242 824 4295; x_wconf 85' lang='lat' dir='ltr'>Baseos</span> <span class='ocrx_word' id='word_1_223' title='bbox 850 4243 1153 4312; x_wconf 85' lang='lat' dir='ltr'>inscriptio</span> <span class='ocrx_word' id='word_1_224' title='bbox 1180 4260 1236 4296; x_wconf 92' lang='lat' dir='ltr'>n.</span> <span class='ocrx_word' id='word_1_225' title='bbox 1273 4242 1409 4293; x_wconf 72' lang='lat'><strong>3447</strong></span> <span class='ocrx_word' id='word_1_226' title='bbox 1441 4241 1654 4310; x_wconf 84' lang='lat' dir='ltr'>legitur</span> <span class='ocrx_word' id='word_1_227' title='bbox 1684 4239 1843 4292; x_wconf 84' lang='lat' dir='ltr'><em>BCII</em></span> <span class='ocrx_word' id='word_1_228' title='bbox 1865 4241 1964 4292; x_wconf 93' lang='lat' dir='ltr'>XX</span> <span class='ocrx_word' id='word_1_229' title='bbox 1990 4258 2043 4310; x_wconf 91' lang='lat' dir='ltr'>p.</span> <span class='ocrx_word' id='word_1_230' title='bbox 2090 4240 2224 4305; x_wconf 81' lang='lat'>7243</span> <span class='ocrx_word' id='word_1_231' title='bbox 2260 4240 2425 4292; x_wconf 89' lang='lat' dir='ltr'>cuius</span> <span class='ocrx_word' id='word_1_232' title='bbox 2471 4240 2531 4291; x_wconf 91' lang='lat' dir='ltr'>in</span> <span class='ocrx_word' id='word_1_233' title='bbox 2571 4257 2626 4292; x_wconf 92' lang='lat' dir='ltr'>u.</span> <span class='ocrx_word' id='word_1_234' title='bbox 2680 4240 2711 4291; x_wconf 80' lang='lat'>5</span> <span class='ocrx_word' id='word_1_235' title='bbox 2748 4257 2888 4310; x_wconf 88' lang='lat' dir='ltr'>sup-</span> 
     </span>
     <span class='ocr_line' id='line_1_30' title="bbox 441 4328 2884 4402; baseline 0 -19"><span class='ocrx_word' id='word_1_236' title='bbox 441 4331 719 4402; x_wconf 91' lang='lat' dir='ltr'>plendum</span> <span class='ocrx_word' id='word_1_237' title='bbox 746 4348 878 4384; x_wconf 90' lang='lat' dir='ltr'>esse</span> <span class='ocrx_word' id='word_1_238' title='bbox 901 4331 1136 4402; x_wconf 82' lang='grc' dir='ltr'>[Δερκίου</span> <span class='ocrx_word' id='word_1_239' title='bbox 1158 4333 1266 4382; x_wconf 79' lang='grc' dir='ltr'>υἱοῦ</span> <span class='ocrx_word' id='word_1_240' title='bbox 1291 4330 1571 4400; x_wconf 84' lang='grc' dir='ltr'>ΙΙετρ]αίου</span> <span class='ocrx_word' id='word_1_241' title='bbox 1596 4329 1859 4382; x_wconf 85' lang='lat' dir='ltr'>ostendit</span> <span class='ocrx_word' id='word_1_242' title='bbox 1882 4330 2086 4381; x_wconf 85' lang='lat' dir='ltr'>titulus</span> <span class='ocrx_word' id='word_1_243' title='bbox 2107 4345 2278 4399; x_wconf 89' lang='lat' dir='ltr'>quem</span> <span class='ocrx_word' id='word_1_244' title='bbox 2302 4329 2520 4399; x_wconf 80' lang='lat' dir='ltr'>publici</span> <span class='ocrx_word' id='word_1_245' title='bbox 2544 4329 2685 4381; x_wconf 87' lang='lat' dir='ltr'>iuris</span> <span class='ocrx_word' id='word_1_246' title='bbox 2714 4328 2884 4383; x_wconf 77' lang='lat' dir='ltr'>facio·</span> 
     </span>
    </p>

    <p class='ocr_par' dir='ltr' id='par_1_13' title="bbox 509 4418 1848 4490">
     <span class='ocr_line' id='line_1_31' title="bbox 509 4418 1848 4490; baseline -0.002 -15"><span class='ocrx_word' id='word_1_247' title='bbox 509 4423 560 4475; x_wconf 92' lang='lat'>3.</span> <span class='ocrx_word' id='word_1_248' title='bbox 601 4422 692 4472; x_wconf 89' lang='lat' dir='ltr'>An</span> <span class='ocrx_word' id='word_1_249' title='bbox 714 4420 836 4473; x_wconf 81' lang='lat' dir='ltr'>seni</span> <span class='ocrx_word' id='word_1_250' title='bbox 865 4436 1012 4489; x_wconf 77' lang='lat' dir='ltr'>resp.</span> <span class='ocrx_word' id='word_1_251' title='bbox 1046 4418 1300 4490; x_wconf 69' lang='lat' dir='ltr'>yet-enda</span> <span class='ocrx_word' id='word_1_252' title='bbox 1331 4420 1424 4486; x_wconf 79' lang='lat' dir='ltr'>sit,</span> <span class='ocrx_word' id='word_1_253' title='bbox 1455 4421 1540 4487; x_wconf 81' lang='lat'>17,</span> <span class='ocrx_word' id='word_1_254' title='bbox 1569 4437 1625 4489; x_wconf 90' lang='lat' dir='ltr'>p.</span> <span class='ocrx_word' id='word_1_255' title='bbox 1654 4419 1758 4470; x_wconf 75' lang='lat'>792</span> <span class='ocrx_word' id='word_1_256' title='bbox 1789 4420 1848 4472; x_wconf 89' lang='lat' dir='ltr'>F.</span> 
     </span>
    </p>
   </div>
  </div>
 </body>
</html>
