3692 5643
699 666 791 736 76
1048 741 1051 744 ,
1398 690 1487 738 DE
1540 693 2050 739 lMPERATonvM
2104 691 2458 738 EPISTVLIS

585 848 625 863 ”
700 843 1150 933 HadrianuS,
1192 845 1317 917 sed
1350 844 1570 917 etiam
1622 845 1991 944 promittit
2019 871 2095 917 se
2136 843 2713 916 diiudicaturum
2759 871 2917 916 esse
2980 871 3147 917 cum

701 968 1036 1067 Delphos
1083 968 1395 1041 uenerit.
1451 968 1617 1041 Alia
1666 995 1962 1068 quoque
2028 978 2141 1041 est
2203 967 2565 1067 quaedam
2613 966 3000 1040 difficultas
3060 969 3151 1041 de

699 1083 962 1157 Cirrha
1002 1094 1220 1183 portu
1258 1095 1427 1157 nata
1468 1111 1482 1158 ε
1515 1111 1744 1182 quare
1776 1111 2049 1157 nomen
2077 1083 2513 1157 Aetolorum
2557 1111 2628 1155 u.
2686 1086 2774 1155 16
2830 1084 3152 1157 redinte-

699 1233 909 1307 grare
966 1233 1116 1279 non
1173 1207 1533 1295 dubitaui,
1589 1209 1716 1307 qui
1775 1210 2155 1307 Naupacto
2208 1206 2521 1306 profecti
2572 1207 2746 1280 litus
2785 1210 3018 1307 usque
3059 1208 3149 1280 ad

619 1428 627 1437 .
699 1332 1040 1405 Cirrham
1110 1333 1354 1431 legere
1418 1358 1778 1431 agrosque
1845 1333 2007 1405 Deo
2084 1331 2363 1405 dicatos
2425 1332 2665 1404 colere
2721 1343 3146 1431 potuerunt.

563 1430 608 1533 ⁴.
701 1456 844 1528 Hic
901 1456 1243 1529 laudatur
1295 1456 1513 1528 diuus
1567 1457 2069 1556 Vespasianus
2127 1456 2246 1528 cui
2310 1456 2582 1555 Delphi
2624 1457 3015 1556 pecuniam
3073 1468 3156 1529 ut

697 1580 994 1680 praedia
1042 1581 1185 1653 Dei
1229 1581 1504 1654 intacta
1561 1592 1943 1654 seruarent
1980 1579 2334 1654 dederant
2377 1582 2424 1651 ¹.
2471 1582 2750 1652 Eorum
2804 1581 2963 1654 iura
3000 1591 3152 1654 tam

700 1705 953 1777 multis
986 1705 1342 1804 impensis
1373 1716 1624 1805 parata
1671 1705 1864 1778 tueri
1908 1706 2069 1777 uult
2106 1705 2556 1795 Hadrianus,
2607 1705 3010 1778 dummodo
3063 1705 3153 1778 de

699 1820 1045 1893 omnibus
1067 1820 1211 1893 illis
1232 1821 1455 1893 rebus
1489 1823 1688 1920 leges
1717 1821 1809 1893 ab
1846 1820 2524 1920 Amphictyonibus
2561 1822 2740 1894 latas
2769 1847 3151 1894 recensere

695 1944 1041 2043 potuerit.
1078 1946 1335 2045 Itaque
1377 1988 1473 1999 —
1507 1946 1566 2017 si
1593 1972 1853 2018 reuera
1886 1946 2081 2045 inter
2111 1972 2188 2017 se
2224 1944 2753 2043 contingebant
2798 1944 3152 2017 inferiora

700 2069 897 2141 tituli
933 2070 1344 2166 fragmenta
1369 2070 1996 2169 quemadmodum
2028 2095 2113 2142 ea
2145 2070 2408 2169 collegi
2433 2095 2586 2169 —a
2622 2069 2933 2162 Claudio
2973 2096 3153 2169 quo-

702 2193 872 2266 dam
940 2195 1355 2267 Timocrate
1420 2195 1546 2293 qui
1627 2192 2051 2293 συναγωγήν
2103 2194 2401 2267 illorum
2463 2194 2929 2266 decretorum
3005 2220 3153 2266 non

701 2310 861 2382 sine
896 2310 1238 2406 acumine
1270 2321 1350 2382 ut
1385 2309 1683 2382 uidetur
1717 2320 2261 2409 composuerat,
2306 2321 2554 2383 uetera
2585 2309 3026 2382 documenta
3065 2309 3155 2381 ad

700 2461 777 2506 se
801 2435 993 2506 mitti
1028 2434 1259 2506 iubet.
1307 2434 1425 2523 Et,
1469 2435 1670 2533 quod
1715 2434 1967 2533 magni
2009 2435 2368 2507 momenti
2431 2433 2649 2506 nobis
2695 2445 2829 2524 est,
2875 2433 3155 2505 ultimis

700 2558 951 2631 uerbis
988 2570 1256 2631 statum
1292 2558 1875 2659 amphictyonici
1914 2559 2217 2631 concilii
2251 2558 2342 2631 ab
2364 2558 2542 2630 diuo
2573 2559 2910 2655 Augusto
2952 2584 3154 2630 com-

700 2693 1062 2755 mutatum
1098 2684 1396 2783 respicit
1422 2683 1814 2781 denuoque
1838 2709 1877 2756 a
1910 2709 1987 2755 se
2018 2683 2591 2755 examinandum
2626 2683 2968 2756 declarat.
3017 2682 3154 2754 His

697 2808 1020 2910 primum
1057 2808 1587 2882 confirmantur
1628 2835 1814 2908 quae
1864 2807 2265 2882 Pausanias
2304 2808 2393 2880 de
2435 2807 2806 2907 suffragiis
2850 2806 3154 2880 Aetolo-

699 2960 864 3006 rum
902 2934 1104 3033 genti
1124 2933 1467 3006 detractis
1502 2932 2187 3033 Nicopolitanisque
2214 2933 2585 3007 concessis
2607 2932 2787 3005 dicit
2821 2934 2873 3005 ².
2906 2933 3154 3030 Appa-

698 3067 955 3157 retque
996 3058 1183 3130 hanc
1221 3057 1457 3157 ipsam
1503 3058 1902 3158 epistulam
1949 3057 2364 3142 necessario
2414 3068 2581 3129 ante
2628 3057 2937 3129 >alteram
2977 3054 3155 3127 scri-

705 3193 903 3282 ptam
948 3208 1105 3254 esse
1159 3209 1304 3280 qua
1356 3208 1421 3255 a.
1484 3182 1622 3253 125
1671 3208 1881 3255 suam
1931 3181 2022 3254 de
2081 3180 2665 3292 Amphictyonia
2713 3179 3150 3252 sententiam

703 3332 873 3378 cum
908 3304 1220 3404 Delphis
1263 3305 1810 3378 communicare
1853 3305 2232 3380 Hadriano
2272 3303 2573 3403 placuit.

803 3429 1246 3527 Priusquam
1306 3456 1483 3501 uero
1533 3455 1720 3528 quae
1768 3428 1857 3501 de
1906 3428 2032 3504 illa
2079 3439 2395 3502 aetatem
2455 3428 2761 3501 tulerint
2810 3425 3157 3500 transcri-

623 3579 630 3585 ·
702 3546 902 3634 bam,
937 3555 1228 3644 oportet
1281 3571 1415 3644 per
1456 3545 1939 3616 frustulorum
1988 3544 2540 3620 multitudinem
2590 3569 2941 3641 quaeram
2972 3568 3154 3647 num

708 3668 1000 3742 initium
1075 3668 1296 3740 huius
1348 3694 1570 3767 quam
1626 3668 1850 3741 modo
1912 3668 2268 3767 exscripsi
2346 3668 2773 3741 habeamus.
2838 3668 2948 3739 En
3008 3678 3156 3739 tra·-

706 3793 981 3867 duntur
1018 3793 1213 3865 tituli
1253 3792 1636 3866 cuiusdam
1671 3793 1892 3892 pauci
1931 3818 2190 3866 uersus
2230 3797 2255 3838 3
2292 3794 2421 3891 qui
2457 3793 2765 3865 forsitan
2811 3819 2937 3865 sex
2968 3792 3158 3890 frag-

707 3918 977 3991 mentis
1014 3944 1236 4018 supra
1260 3918 1476 3991 dictis
1516 3918 1987 3991 continuatus
2025 3918 2271 3991 fuerit.
2362 3975 2371 3980 .

875 4302 927 4354 <1

935 4342 947 4355 .
969 4304 1038 4356 20
1067 4302 1318 4356 fortasse
1344 4302 1499 4373 [ὥστε
1528 4307 1619 4356 τοῦ
1642 4301 1864 4374 λιμέν]ος
1890 4303 1974 4355 καὶ
1994 4310 2094 4355 τῶν
2116 4306 2352 4374 νομῶν...

928 4434 943 4462 ἳ

784 4306 842 4357 1.’

779 4395 831 4447 2.

778 4482 830 4536 3.

871 4392 924 4534 ΖΝ

927 4480 1178 4550 N.1271,
1210 4481 1367 4535 3609.
