3692 5643
1245 658 1333 702 m:
1389 656 1910 706 sAcsnnorfflvs
2713 633 2802 706 17

352 812 497 885 nisi
546 812 789 900 fallor,
854 810 1169 900 Flauius·
1219 809 1711 882 Aristotimus
1764 812 1892 908 qui
1930 812 2009 883 in
2046 837 2354 882 nummo
2401 811 2743 909 delphico
2783 813 2802 857 ¹

353 937 570 1036 ἱερεύς
612 935 1039 1007 nominatur
1072 960 1444 1032 quemque
1486 934 1770 1006 Babbio
1807 936 2135 1008 Maximo
2167 936 2515 1008 archonte
2552 935 2810 1007 buleu-

350 1073 500 1135 tam
537 1071 608 1133 et
642 1058 1056 1159 principem
1093 1058 1502 1156 legatorum
1551 1060 1640 1157 (a.
1687 1061 1849 1158 125)
1899 1059 1989 1132 'ad
2027 1059 2490 1133 Hadrianum
2544 1059 2810 1133 misso-

354 1214 518 1258 rum
596 1185 824 1256 fuisse
886 1184 1334 1282 accepimuS.
1419 1182 1634 1266 Quod
1696 1185 1758 1255 is
1825 1210 2177 1257 nummus
2241 1187 2424 1284 ἥρωϊ
2473 1171 2811 1281 Ἀντινόῳ

354 1307 702 1408 tanquam
760 1317 1231 1381 consecratus
1299 1319 1433 1396 est,
1493 1308 2016 1381 Aristotimum
2052 1309 2362 1382 Antinoi
2401 1309 2813 1381 sacerdotio

358 1437 691 1508 functum
735 1454 891 1505 esse
928 1432 1108 1504 olim
1144 1433 1443 1531 putaui3
1499 1433 1623 1504 sed
1677 1460 1902 1518 nunc,
1948 1434 2378 1532 praesertim
2422 1430 2610 1505 cum'
2637 1435 2816 1506 Del-

361 1560 526 1659 phis
570 1559 855 1630 nullum
889 1557 1089 1629 aliud
1128 1557 1307 1628 noui
1347 1557 1544 1629 illius
1571 1558 1811 1629 cultus
1838 1558 2235 1656 uestigium
2275 1568 2649 1656 repertum
2688 1558 2809 1647 sit,

362 1710 563 1756 mera
605 1710 786 1755 uoce
840 1682 1057 1781 ἱερεύς
1096 1709 1245 1753 non
1294 1708 1508 1781 posse
1553 1682 1696 1753 nisi
1731 1682 2105 1781 Apollinis
2156 1682 2575 1754 ministrum
2622 1682 2817 1754 desi-

362 1807 570 1907 gnari
607 1806 1073 1879 crediderim.
1116 1806 1597 1879 Aristotimus
1636 1806 1862 1905 igitur
1894 1806 2088 1879 circa
2120 1832 2184 1879 a.
2223 1808 2386 1895 130,
2418 1834 2568 1905 quo
2599 1805 2818 1891 Anti-

365 1958 552 2005 nous
589 1933 813 2004 heros
858 1932 1092 2003 factus
1132 1942 1265 2019 est,
1311 1911 1685 2002 summum
1726 1930 1908 2002 illud
1947 1957 2219 2003 munus
2265 1932 2570 2030 accepit.

463 2128 841 2199 Hactenus
888 2126 979 2197 de
1028 2136 1447 2224 temporum
1497 2125 1934 2199 rationibus,
1995 2126 2344 2198 Instituta
2400 2154 2582 2199 uero
2636 2153 2822 2224 quae

365 2253 454 2325 ad
522 2278 636 2324 res
686 2277 925 2323 sacras
977 2251 1353 2349 pertinent
1408 2277 1556 2322 non
1614 2259 2063 2323 commutata
2119 2277 2277 2322 esse
2336 2250 2825 2323 manumissio

364 2402 585 2476 supra
626 2375 1062 2474 transcripta
1097 2385 1431 2465 testatur,
1486 2402 1577 2447 ex
1617 2401 1762 2472 qua
1809 2387 2116 2474 apparet
2158 2375 2347 2447 duos
2385 2385 2562 2447 tunc
2595 2375 2824 2447 fuisse

365 2500 737 2600 Apollinis
777 2499 1033 2599 Pythii
1081 2499 1524 2588 sacerdoteS‚
1588 2499 1803 2572 sicuti
1858 2526 1990 2598 per
2051 2500 2435 2598 superiora
2491 2511 2828 2598 tem-pora

371 2625 546 2724 (tres
581 2625 780 2697 enim
821 2650 1120 2723 perraro
1160 2624 1615 2721 occurrunt).
1663 2624 1805 2696 Sed
1849 2651 2157 2696 munera
2186 2626 2398 2722 plura
2435 2623 2511 2695 in
2545 2624 2827 2722 templo

372 2749 797 2840 extiterunt,
863 2758 946 2819 ut·
993 2748 1073 2820 fit
1135 2747 1328 2849 apud
1380 2748 1718 2820 homines
1758 2747 2206 2847 dignitatum
2252 2748 2825 2823 amantissimos.

372 2875 569 2960 Quid
608 2875 698 2946 de
719 2874 894 2965 >Diis
928 2873 1223 2972 penitus
1254 2874 1617 2945 senserint
1653 2873 2059 2971 indagandi
2100 2900 2249 2946 non
2293 2885 2403 2946 est
2439 2876 2680 2961 locus3
2726 2883 2824 2962 at,

371 2999 679 3099 perinde
760 3000 968 3097 quasi
1041 3009 1252 3071 uetus
1330 2997 1590 3094 religio
1675 3024 1875 3069 nouo
1953 2998 2191 3069 nitore
2260 2999 2830 3087 illuminaretur,

372 3124 788 3196 officiorum
828 3122 1562 3220 ministeriorumque
1594 3122 1900 3193 nomina
1927 3122 2122 3194 haud
2155 3149 2392 3221 pauca
2420 3123 2498 3194 in
2531 3149 2838 3194 consue-

372 3248 706 3321 tudinem
758 3257 1137 3319 uenerunt
1188 3258 1310 3319 aut
1368 3256 1707 3319 reuocata
1760 3257 1955 3346 sunt,
2013 3246 2102 3318 de
2151 3246 2424 3345 quibus
2473 3246 2838 3345 apertiora

374 3372 620 3445 dicere
661 3372 876 3444 nobis
907 3372 984 3443 in
1025 3382 1375 3470 promptu
1421 3398 1568 3443 non
1613 3382 1744 3444 est.
1803 3371 1947 3442 Hic
1996 3372 2695 3467 commemor-andus
2732 3383 2841 3444 est

375 3524 440 3569 e.
484 3524 547 3570 c.
601 3487 919 3580 σύνδικος
962 3496 1085 3567 ille
1124 3512 1249 3568 τοῦ
1297 3487 1567 3568 Πυθίου
1604 3497 1659 3585 2,
1712 3507 1931 3593 atque
1974 3496 2380 3567 Hosiorum
2414 3496 2833 3594 collegium,

377 3622 507 3721 qui
574 3632 649 3692 et
733 3621 1106 3699 Bacchum
1179 3630 1252 3691 et
1318 3620 1745 3718 Apollinem
1809 3622 2126 3707 coluisse
2201 3620 2386 3690 mihi
2464 3620 2835 3693 uidentur.

375 3747 570 3819 Nam
646 3756 725 3817 ut
782 3772 907 3818 eos
962 3745 1360 3818 Plutarcho
1422 3756 1720 3817 auctore
1783 3748 1901 3817 τὸν
1966 3736 2299 3839 Λικνίτην
2376 3744 2845 3816 caerimoniis

379 3861 773 3934 adsecutos
815 3887 971 3932 esse
1015 3871 1298 3932 constat
1342 3863 1393 3948 3,
1445 3859 1544 3932 ita
1585 3861 1659 3931 in
1700 3860 1914 3930 titulo
1956 3886 2177 3957 quem
2221 3858 2443 3930 modo
2486 3858 2781 3932 laudaui
2817 3860 2843 3906 4

453 4042 502 4095 1.
546 4039 703 4093 BCH
729 4040 826 4092 XX
850 4056 907 4109 p.
935 4039 1022 4106 41,
1060 4056 1114 4094 n.
1149 4039 1238 4091 70.

451 4132 502 4183 2.
549 4130 831 4195 PomtOW‚
865 4128 1178 4197 Beitraeqe
1206 4145 1314 4179 zur
1350 4127 1485 4197 Top.
1515 4144 1567 4180 v.
1596 4126 1807 4196 Delphi
1839 4145 1896 4196 p.
1929 4128 2050 4179 122.

452 4220 503 4272 3.
548 4219 721 4286 Plut.,
766 4217 848 4270 De
896 4216 1046 4269 Iside
1093 4223 1145 4269 et
1197 4216 1347 4270 Osir.
1402 4217 1490 4282 35,
1538 4234 1594 4287 p.
1647 4216 1748 4267 365
1791 4215 1834 4266 B
1877 4232 1889 4268 ε
1943 4214 2160 4270 Θύουσιν
2183 4217 2229 4267 οἱ
2268 4211 2395 4267 ὅσιοι
2430 4218 2478 4267 ἐν
2513 4225 2588 4287 τῷ
2614 4218 2732 4288 ἱερῷ
2761 4222 2851 4269 τοῦ

386 4306 721 4368 ’Λπόλλωνος
750 4302 871 4360 ὅταν
899 4308 949 4357 αἱ
984 4304 1202 4365 Θυιάδες
1233 4303 1462 4376 ἐγείρωσι
1482 4303 1566 4358 τὸν
1597 4303 1862 4370 Λικνίτην,
1888 4304 1961 4356 de
1993 4321 2108 4374 quo
2133 4304 2205 4358 of.
2238 4305 2495 4375 Hesych.
2524 4322 2570 4359 s.
2592 4322 2645 4360 ιι.
2671 4306 2850 4360 Λικνί-

387 4416 476 4465 της
510 4397 752 4451 ·ὲπίθετον
782 4396 1047 4449 Διονύσου,

466 4487 518 4539 4.
562 4486 634 4538 Et
660 4484 758 4556 qui
788 4483 948 4538 BCH
968 4484 1067 4536 XX
1094 4502 1150 4553 p.
1185 4485 1286 4546 719
1310 4482 1693 4554 transcriptus
1725 4486 1837 4535 est.
2658 4559 2683 4603 2
