3692 5643
768 716 860 787 64
1477 741 1566 787 DE
1618 741 2125 788 IMPERATORVM
2179 741 2532 788 Erls‘rvms

768 902 1074 973 fortasse
1130 929 1202 974 u.
1260 904 1299 972 7
1356 896 1455 974 ἔτι
1515 896 1682 986 ἕξειν
1740 907 1857 975 τὸν
1907 895 2273 1001 πρ[ὁτερον
2287 957 2441 971 .....
2501 894 2882 1002 ὁρισμόν]);
2954 902 3222 974 deinde

771 1052 858 1098 eo
902 1027 1098 1124 quod
1136 1027 1213 1098 L.
1248 1027 1445 1097 Iunii
1482 1027 1868 1111 Gallionis,
1898 1027 2218 1099 Senecae
2265 1028 2533 1118 fratris,
2574 1053 2864 1125 procos.
2902 1028 3223 1118 Achaiae

771 1177 1041 1223 nomen
1096 1150 1477 1249 adfertur¹
1543 1162 1761 1249 atque
1817 1151 2171 1223 Claudius
2234 1152 2410 1250 imp.
2478 1152 2727 1222 XXVI
2784 1152 3218 1249 appellatur,

770 1275 958 1347 hanc
998 1277 1579 1373 fragmentorum
1613 1302 2042 1375 compagem
2089 1277 2535 1348 confirmari.

870 1401 1249 1483 Quaenam
1288 1401 1432 1472 GA1
1477 1427 1685 1472 soror
1719 1401 1933 1471 titulo
1974 1428 2193 1498 quem
2245 1401 2433 1472 infra
2469 1402 2953 1473 transcribam
2994 1402 3227 1473 hono-

768 1534 924 1596 rata
971 1525 1063 1596 sit
1106 1551 1252 1595 non
1302 1525 1514 1596 facile
1564 1524 2111 1612 diiudicauerES,
2163 1552 2334 1597 nam
2378 1526 2701 1596 nominis
2748 1536 2867 1597 aut
2917 1527 3225 1598 fortasse

769 1649 1234 1746 cognominis
1279 1650 1485 1726 (caue
1531 1677 1622 1720 ne
1667 1650 2010 1748 suppleas
2059 1642 2261 1741 Θεὰν)
2312 1650 2498 1720 nihil
2547 1660 2746 1722 extat
2783 1650 2925 1721 nisi
2971 1650 3228 1721 ultima

771 1772 1008 1845 littera
1068 1800 1288 1870 quam
1354 1774 1662 1845 duarum
1733 1775 2144 1846 litterarum
2207 1774 2727 1873 interpositum
2797 1774 3116 1872 spatium
3187 1801 3229 1846 a

773 1897 1103 1995 uestigiis
1139 1897 1523 1969 cuiusdam
1566 1899 1920 1970 rotundae
1963 1909 2251 1997 separat
2296 1923 2309 1970 :
2357 1926 2431 1969 n.
2483 1900 2666 1970 1512
2717 1923 2730 1970 :

1309 2088 1425 2178 [ἹΙ
1462 2098 1635 2169 πόλις
1675 2103 1788 2158 τῶν
1834 2093 2085 2177 Δελφῶν
2106 2144 2387 2156 .......
2408 2092 2426 2178 ]

1401 2258 1562 2273 ......
1575 2210 1655 2274 Ο.
1696 2206 1819 2293 [x]v
1854 2210 2033 2274 Γαίου
2071 2211 2366 2294 Καίσαρος
2402 2211 2596 2274 Abes-

1396 2327 1684 2409 κράτορος
1737 2326 2037 2390 >laeuone
2092 2325 2348 2410 ἀδελφὴν

1412 2436 1758 2505 Ἀπόλλωνι
1790 2441 2042 2505 ΙΙυθίωι.

871 2615 1078 2686 Illius
1139 2614 1675 2686 illustrissimae
1748 2615 2104 2703 mulieris,
2184 2641 2693 2713 quaecumque
2761 2616 2923 2701 fuit,
2993 2626 3230 2687 statua

775 2766 997 2837 super
1030 2739 1337 2836 gradum
1377 2739 1632 2839 templi
1672 2750 1911 2811 erecta
1944 2752 2074 2828 est,
2117 2767 2348 2811 unum
2381 2741 2656 2812 scilicet
2691 2767 2779 2811 ex
2821 2739 3052 2811 tribus
3084 2738 3228 2810 illis

779 2860 1070 2961 βαθμοῖς
1112 2880 1235 2936 τοῦ
1279 2856 1825 2964 κρηπιδώματος
1865 2867 1992 2963 qui
2033 2865 2117 2937 ad
2163 2867 2522 2937 orientem
2559 2865 3010 2964 spectabant.
3058 2857 3230 2936 Del-

776 2988 900 3086 phi
941 2989 1174 3059 multo
1216 2999 1376 3087 post
1406 2989 1515 3060 ad
1565 2990 1745 3062 duas
1796 2990 2262 3062 Constantini
2305 2991 2578 3087 effigies
2631 2977 3031 3087 ponendas*
3062 3000 3228 3061 tan-

776 3138 996 3209 quam
1033 3112 1191 3184 basi
1233 3113 1489 3185 eadem
1534 3115 1913 3212 crepidine
1955 3115 2068 3186 usi
2109 3126 2319 3201 sunt3
2366 3114 2962 3211 antiquissimum
3003 3140 3231 3211 quan-

775 3246 933 3307 tum
974 3238 1127 3307 scio
1173 3236 1371 3309 illius
1401 3239 1897 3336 parsimoniae
1944 3241 2365 3338 exemplum
2403 3239 2479 3309 in
2510 3265 2773 3310 ‘sorore
2815 3238 2953 3311 Gai
2993 3239 3232 3310 hono-

775 3359 1003 3432 randa
1025 3360 1410 3433 dederunt.

874 3486 1190 3557 NERole
1229 3511 1529 3574 nomen,
1574 3498 1653 3558 ut
1700 3487 2019 3576 uidetur,
2073 3489 2492 3564 Hadrianus
2528 3487 2764 3560 adfert
2798 3487 2873 3557 in
2916 3487 3227 3585 epistula

776 3609 1093 3706 quadam
1133 3619 1281 3680 tam
1324 3611 1586 3682 misere
1640 3612 1710 3682 in
1768 3612 1996 3710 priori
2046 3626 2248 3711 parte
2300 3613 2698 3711 deprauata
2736 3623 2817 3683 ut
2875 3612 2998 3682 uix
3040 3612 3232 3682 affir-

777 3760 975 3805 mare
1016 3733 1233 3805 liceat
1281 3734 1369 3805 ab
1408 3735 1533 3807 illo
1589 3736 2184 3835 amphictyonica
2229 3737 2573 3834 suffragia
2615 3763 2801 3834 quae
2847 3738 3226 3833 Augustus

777 3857 1251 3930 constituerat
1310 3872 1757 3932 commutata
1810 3887 1968 3932 esse
2027 3862 2125 3958 (u.
2186 3889 2257 3960 p.
2318 3864 2466 3959 79).
2520 3863 2602 3932 In
2663 3859 2801 3931 alia
2868 3859 3230 3932 Hadriani

778 3981 1085 4079 epistula
1145 3984 1639 4057 VESPAsvas
1697 4012 2018 4084 quoque⁴
2057 3987 2506 4072 nominatur,
2565 4011 2786 4084 quem
2840 3984 3231 4081 pecuniam

777 4129 911 4204 pro
950 4106 1090 4177 Dei
1121 4133 1294 4203 agro
1334 4108 1620 4204 integro
1665 4111 1939 4182 tuendo
1990 4111 2079 4182 ab
2127 4111 2435 4210 Delphis
2480 4109 2820 4181 traditam
2856 4107 3226 4206 accepisse

779 4256 927 4301 non
966 4229 1351 4303 miraberis
1389 4232 1487 4330 (u.
1535 4260 1606 4332 p.
1656 4235 1805 4332 75).

851 4491 900 4542 1.
943 4491 1009 4542 A.
1054 4508 1109 4560 p.
1143 4491 1279 4544 Chr.
1308 4492 1373 4543 52
1403 4509 1415 4546 :
1446 4492 1519 4546 cf.
1554 4493 1912 4564 Prosopoqr.
1960 4494 2009 4546 ΙΙ
2042 4512 2099 4565 p.
2134 4495 2259 4549 238.
