3692 5643
775 555 866 626 54
1416 580 1505 624 DE
1556 577 2117 624 AMPHICTYONVM
2158 563 2579 626 'EPIMELETIS

772 759 1003 830 paene
1076 732 1274 803 unici
1345 731 1705 802 momenti
1773 731 2074 819 fuerint,
2161 731 2466 829 propius
2531 731 2988 828 inspicienda
3064 738 3242 801 sunt

773 856 1214 928 documenta
1245 883 1392 954 quo
1433 855 1723 954 planius
1763 856 2145 953 proprium
2180 856 2321 926 nisi
2351 855 2566 927 fallor
2600 856 3031 954 epimeletae
3073 855 3240 925 offi-

773 981 970 1052 cium
1002 981 1433 1052 illustretur.
3132 1070 3135 1073 A

873 1104 1244 1177 Nimirum
1289 1105 1430 1176 hoc
1475 1103 1658 1174 mihi
1684 1131 2058 1202 perquam
2096 1104 2479 1203 probabile
2680 1112 2834 1175 etur
2880 1104 2956 1175 in
3001 1104 3238 1177 ,titulis

774 1239 970 1301 certe
1046 1227 1405 1326 delphicis
1455 1229 1922 1327 epimeletam
1991 1229 2116 1300 illo
2183 1229 2343 1326 ipso
2409 1256 2579 1301 nom
2730 1259 2741 1275 ⁸
2802 1229 3235 1326 epimeletae

776 1353 1058 1426 tamdiu
1097 1352 1378 1424 dictum
1399 1379 1555 1425 esse
1583 1353 1936 1450 quamdiu
1962 1353 2772 1449 munerefungebatur,
2805 1380 2951 1425 non
2985 1364 3232 1424 autem

772 1489 1067 1577 postea3
1119 1476 1725 1575 inscriptionibus
1765 1504 1944 1549 uero
1984 1478 2296 1550 aliarum
2337 1477 2749 1550 ciuitatium
2790 1478 3226 1574 dignitatem

775 1601 979 1673 illam
1010 1602 1314 1672 honoris
1347 1628 1562 1673 causa
1591 1603 1927 1673 reuocari
1963 1602 2287 1700 potuisse
2322 1602 2543 1674 etiam
2581 1626 2753 1674 cum
2793 1601 3228 1673 iamdudum

779 1725 1168 1798 defunctus
1207 1736 1361 1797 erat
1397 1726 1636 1798 officio
1669 1726 2084 1824 epimeleta.

875 1851 1384 1948 Magistratum
1418 1851 1616 1923 enim
1659 1878 1808 1922 non
1838 1863 2306 1950 perpetuum,
2344 1877 2490 1923 non
2518 1842 2627 1923 διὰ
2655 1849 2805 1949 βίου
2840 1850 3227 1922 habemus,

778 1974 993 2058 Quod
1052 2002 1144 2046 ne
1203 1975 1394 2046 dicat
1457 1974 1620 2072 quis
1672 1975 1978 2046 minime
2051 1975 2515 2075 inopinatum
2589 2002 2745 2047 esse
2809 2002 2891 2047 ac
2957 2002 3090 2073 per
3146 2001 3224 2046 se

777 2100 1275 2187 manifestum,
1310 2099 1481 2196 quia
1514 2101 2107 2197 Amphictyones
2140 2100 2215 2170 in
2258 2127 2533 2171 annum
2562 2101 2794 2171 creari
2825 2100 3021 2171 soliti
3052 2101 3225 2171 sint.

775 2225 964 2295 Nam
1005 2251 1096 2296 ne
1133 2250 1317 2322 opus
1357 2224 1656 2321 quidem
1687 2234 1795 2295 est
1826 2250 2057 2320 usque
2086 2224 2175 2295 ad
2197 2235 2540 2322 quartum
2573 2235 2739 2296 ante
2777 2224 2952 2296 Chr.
2983 2250 3228 2295 saecu-

775 2350 931 2419 lum
971 2349 1285 2446 regredi,
1332 2375 1479 2446 quo
1522 2349 2172 2419 hieromnemones
2216 2349 2500 2445 aliquot
2549 2349 3057 2446 magistratum
3102 2376 3232 2447 per

742 2484 1056 2571 ·septem
1100 2473 1218 2544 uel
1260 2483 1424 2544 octo
1464 2499 1698 2544 annos
1738 2473 2257 2544 continuantes
2298 2473 2646 2544 uidimus.
2694 2475 2934 2544 Immo
2977 2500 3229 2544 exem-

771 2599 977 2696 plum
1044 2597 1226 2668 illud
1293 2597 1733 2669 reducamus
1807 2623 1821 2669 :
1896 2582 2271 2694 quomodo
2341 2599 2693 2669 Petraeus
2756 2598 2871 2669 bis
2939 2598 3228 2695 magnis

776 2722 1063 2818 Pythiis
1099 2748 1434 2821 praeesse
1475 2724 1492 2766 ¹
1538 2722 1921 2820 potuisset,
1964 2723 2025 2792 si
2057 2749 2343 2793 annuus
2386 2722 2694 2794 fuisset?

871 2847 1207 2918 Primum
1272 2847 1833 2919 meminerimus
1883 2858 2174 2945 oportet
2226 2848 2377 2918 fere
2413 2848 2691 2919 nullam
2740 2875 2893 2918 rem
2936 2860 3227 2946 praeter

770 2972 1042 3068 Pythia
1088 2972 1485 3043 concilium
1540 2972 2220 3070 amphictyonicum
2303 2983 2479 3044 tunc
2546 2999 2768 3070 opera
2843 2983 2915 3043 et
2978 2973 3225 3045 studio

728 3163 732 3166 ,
772 3096 1122 3194 prosequi
1160 3095 1462 3167 solitum
1507 3122 1689 3167 esse.
1748 3095 1964 3179 Quod
2007 3106 2340 3184 testatur,
2405 3107 2485 3167 ut
2534 3096 2970 3167 Plutarchea
3010 3123 3231 3195 opus-

776 3221 940 3293 cula
971 3231 1043 3292 et
1087 3222 1516 3318 praesertim
1562 3217 2018 3317 συμποσιακά
2106 3220 2713 3318 praetermittam,
2773 3247 3039 3318 magna
3103 3222 3229 3294 illa

777 3345 1136 3416 Hadriani
1172 3345 1483 3442 epistula
1528 3345 1736 3417 cuius
1785 3346 2198 3442 fragmenta
2248 3371 2421 3416 mox
2456 3344 2788 3444 perleges
2838 3370 2851 3417 :
2910 3346 2999 3416 de
3055 3373 3229 3417 con-

776 3479 1005 3541 uentu
1028 3470 1223 3540 enim
1251 3470 1947 3541 hieromnemonum
1967 3479 2036 3539 et
2068 3469 2157 3540 de
2190 3470 2382 3540 ludis
2415 3480 2561 3540 tam
2587 3470 3004 3567 promiscue
3041 3470 3231 3542 dixit

775 3594 1175 3692 imperator
1209 3605 1290 3665 ut
1334 3620 1554 3665 unam
1597 3594 2054 3692 eandemque
2102 3595 2482 3666 materiem
2518 3594 2944 3665 tractauisse
2982 3594 3230 3666 uidea—

774 3728 917 3790 tur.
977 3720 1170 3817 Ergo
1224 3719 1390 3790 iam'
1429 3745 1561 3817 per
1618 3745 1693 3790 se
1758 3719 2161 3818 uerisimile
2225 3719 2527 3816 quidem
2587 3729 2741 3790 erat
2798 3719 3229 3816 epimeletas

775 3843 1414 3941 Amphictyonum
1472 3853 1639 3914 ante
1700 3844 1947 3913 omnia
2008 3843 2200 3914 ludis
2265 3842 2725 3914 celebrandis
2770 3843 3228 3941 praepositos

773 3967 1043 4053 fuisse;
1125 3967 1252 4039 sed
1341 3977 1719 4065 praeterea
1808 3968 2207 4038 nonnullos
2311 3978 2506 4039 certe
2626 3994 2883 4039 eorum
2964 3993 3223 4038 reuera

777 4089 1215 4189 ἀγωνοθέτας
1248 4093 1472 4164 fuisse
1505 4093 2005 4191 comperimus
2044 4122 2057 4164 t
2100 4093 2535 4164 nominandi
2566 4093 2639 4163 in
2681 4092 2940 4190 primis
2972 4093 3224 4191 Mega—

811 4370 860 4427 1.
906 4367 948 4422 Ι.
986 4367 1275 4437 Pomtow,
1311 4369 1351 4421 l.
1396 4370 1434 4426 l.
