3692 5643
828 658 916 727 16
1715 681 1802 725 DE
1860 679 2382 726 sAcssRnonBvs

819 831 1227 930 suscepisse
1282 858 1451 903 mox
1504 831 2055 903 demonstrabo,
2117 831 2735 929 Quandoquidem
2787 859 2923 932 ego
2975 861 3272 932 quoque

819 983 1085 1030 censeo
1107 957 1438 1054 Delphos
1472 955 1564 1027 ad
1596 956 2108 1028 Romanorum
2140 956 2562 1054 exemplum
2604 957 3015 1030 certissimo
3051 985 3274 1031 cursu

819 1081 1136 1152 honores
1176 1080 1479 1180 adeptos
1523 1106 1708 1169 esse,
1765 1089 2060 1178 tempus
2108 1106 2255 1177 quo
2300 1080 2811 1154 Aristaenetus
2846 1083 3276 1171 Demostra-

820 1216 1082 1303 tusque
1113 1204 1529 1277 sacerdotes
1566 1216 1635 1277 et
1672 1205 1772 1276 M.
1802 1204 2154 1276 Aurelius
2190 1204 2654 1304 Antiphanes
2686 1206 2961 1278 archon
2989 1206 3128 1278 fuit
3146 1206 3274 1279 illo

728 1335 737 1341 ’
820 1329 1137 1401 termino
1187 1329 1395 1426 quasi
1447 1327 1779 1400 cohiberi
1853 1327 2037 1399 mihi
2093 1327 2411 1417 uidetur,
2488 1355 2728 1427 neque
2784 1341 2950 1402 ante
3008 1358 3074 1402 a.
3138 1333 3275 1402 164

820 1480 1286 1552 regressurus
1304 1430 1485 1525 ’sum
1498 1511 1512 1526 .

918 1578 1058 1651 Sed
1119 1579 1302 1649 alter
1343 1577 1466 1648 ille
1509 1577 1879 1663 sacerdos,
1926 1576 2007 1647 L.
2068 1575 2353 1648 Gellius
2398 1579 2936 1667 DemostratuS‚
2971 1579 3116 1651 iam
3154 1579 3279 1651 ab·

820 1703 992 1774 hinc
1024 1702 1303 1799 aliquot
1336 1701 1550 1773 annis
1588 1700 1935 1773 innotuit.
1985 1700 2310 1772 Bahhius
2345 1702 2542 1772 enim
2574 1702 2925 1774 Aurelius
2956 1703 3277 1775 Nicobu—

822 1827 936 1897 lus
975 1837 1290 1897 statuam
1327 1833 1460 1920 τῆς
1501 1834 1752 1897 ἑαυτοῦ
1788 1826 2139 1923 τροφίμης
2177 1824 2570 1913 dedicauit,
2617 1826 2825 1897 cuius
2853 1826 3051 1899 basis
3081 1839 3279 1899 extat

820 1950 1190 2048 descripta
1254 1949 1467 2021 BCH
1557 1950 1695 2020 XX
1779 1976 1853 2046 p.
1943 1951 2109 2022 719.
2168 1950 2393 2020 Tituli
2470 1948 2766 2021 initium
2822 1950 3278 2024 desideratur

822 2101 1065 2172 neque
1116 2083 1316 2146 certa
1365 2074 1648 2145 ratione
1704 2073 1891 2145 mihi
1933 2074 2233 2171 quidem
2291 2073 2616 2172 suppleri
2661 2099 2875 2173 posse
2916 2075 3214 2147 uidetur
3257 2103 3271 2149 ε

820 2198 924 2270 ibi
975 2198 1331 2297 scriptum
1395 2210 1549 2270 erat
1593 2224 1864 2269 nomen
1919 2180 2757 2270 clarissimaemulieris
2811 2199 2929 2270 cui
2978 2200 3281 2272 nomina

820 2323 991 2412 uiri,
1039 2321 1436 2394 sacerdotis
1478 2324 1810 2410 fortasse,
1857 2321 1984 2420 qui
2026 2349 2185 2394 eam
2227 2322 2537 2395 duxerat
2570 2350 2904 2411 uxorem,
2943 2334 3012 2395 et
3044 2347 3279 2396 sacer-

818 2448 1078 2520 dotum
1114 2446 1481 2545 Apollinis
1521 2447 1966 2544 Bacchique‚
2013 2473 2329 2544 quorum
2374 2458 2527 2518 erat
2566 2459 2824 2536 mater,
2869 2449 3276 2547 postposita

820 2572 1049 2644 fuisse
1091 2573 1263 2644 satis
1290 2572 1604 2649 fidenter
1631 2570 1951 2643 conicio,

920 2699 1365 2768 Asseruatur
1417 2705 1612 2768 certe
1668 2707 1982 2767 stemma
2027 2695 2347 2767 familiae
2402 2695 2927 2786 antecedentiS,
2987 2708 3160 2789 aut„
3200 2709 3282 2768 ut

825 2820 1150 2921 pressius
1189 2820 1476 2920 loquar,
1520 2821 1986 2893 sacerdotum
2030 2820 2256 2892 series
2296 2847 2611 2918 quorum
2649 2821 2798 2894 filia
2829 2825 3070 2921 neptis
3110 2849 3277 2922 pro-

822 2947 1063 3045 neptis
1095 2947 1452 3018 honorata
1489 2956 1598 3017 est
1643 2970 1657 3017 :

1903 3124 1982 3195 L.
2025 3069 2309 3196 Gellius
2354 3067 2779 3223 Xenagoras
2825 3127 2858 3196 Ι

1901 3321 1981 3392 L.
2028 3319 2313 3436 Gellius
2345 3319 2774 3419 Xenagoras
2814 3320 2885 3392 II

1901 3516 1983 3588 L.
2031 3514 2315 3587 Gellius
2351 3516 2867 3587 Demostratus

1905 3719 2201 3817 (Gellia)
2248 3613 2553 3819 τριοφίμη
2601 3718 2863 3796 Babbii
2902 3718 3276 3790 Nicobuli.

915 3952 992 4025 Si
1037 3929 1242 4025 retro
1293 3963 1713 4050 temporum
1764 3951 2100 4023 ordinem
2148 3951 2553 4048 sequimur,
2619 3950 2709 4021 ab
2764 3976 2958 4021 anno
3019 3950 3157 4020 164
3212 3959 3288 4021 et

821 4076 1303 4174 sequentibus
1347 4077 1659 4175 profecti
1705 4102 1936 4175 paene
1990 4074 2080 4147 ad
2130 4073 2576 4146 nouissimos
2631 4073 3008 4147 Plutarchi
3050 4099 3283 4145 annos

820 4201 1293 4286 reuertimur‚
1361 4201 1573 4273 cuius
1635 4200 1709 4271 in
1769 4199 2010 4271 locum
2073 4199 2376 4296 forsitan
2428 4200 2857 4297 Xenagoras
2902 4200 2935 4269 I
2989 4223 3282 4270 succes-

824 4325 1026 4397 serit.

920 4449 1248 4522 Alterius
1313 4449 1584 4520 saeculi
1634 4447 2140 4520 sacerdotibus
2201 4449 2504 4545 insuper
2565 4447 3077 4544 adiungendus
3144 4458 3279 4537 est,
