3692 5643
1126 643 1214 687 DE
1268 641 1779 690 ιΜΡΕΒΑΤοΒνΜ
1833 643 2188 690 EP1sTvL1s
2786 620 2885 689 69·

524 795 669 867 Hic
699 821 993 893 quoque
1023 793 1533 867 desiderantur
1569 797 1793 867 multa
1814 822 2057 893 neque
2080 795 2152 866 in
2181 807 2537 893 quantum
2563 797 2885 894 patuerit

426 920 722 992 sinistra
793 919 986 990 tituli
1040 945 1209 1017 pars
1265 919 1478 991 facile
1533 918 1762 991 dicas.
1823 919 2222 992 Probabile
2290 896 2545 992 saltem
2605 919 2884 992 faciunt

421 1043 651 1117 uerba
683 1071 755 1116 u.
802 1045 845 1114 6
896 1045 1027 1115 ὑπὸ
1078 1070 1201 1115 σου
1244 1045 1524 1116 iussum
1564 1044 1764 1142 quod
1804 1044 2210 1143 imperator
2251 1070 2538 1143 procos
2582 1043 2880 1116 manda-

421 1178 631 1249 uerat
667 1169 743 1240 in
782 1169 925 1240 fine
966 1168 1488 1268 transcriptum
1521 1169 1786 1258 fuisse3
1834 1170 1962 1241 sed
2001 1170 2143 1242 hoc
2175 1169 2547 1266 Megalino
2583 1194 2880 1267 quoque

418 1293 561 1366 dici
622 1293 889 1391 potuit,
939 1293 1138 1391 quod
1193 1294 1254 1365 si
1299 1293 1667 1392 acceperis
1710 1321 1786 1368 u.
1839 1296 1879 1364 7
1937 1284 2570 1393 Ἀμφικτυονικοὺς
2623 1292 2880 1391 νόμους

415 1419 659 1515 legere
712 1443 1012 1489 necesse
1052 1417 1213 1490 erit.
1270 1418 1423 1489 Nec
1466 1419 1678 1516 plura
1727 1418 2068 1517 supplere
2098 1444 2295 1489 nunc
2348 1417 2680 1506 tentabo;
2728 1417 2876 1488 ani·

420 1541 841 1614 maduertas
885 1551 1129 1613 autem
1185 1567 1458 1639 quaeso
1502 1568 1691 1640 quae
1727 1552 1972 1641 partes
2013 1542 2288 1614 fuerint
2335 1541 2768 1641 epimeletae
2799 1541 2876 1611 in

422 1644 715 1766 pythiis
750 1665 1235 1739 celebrandis.

514 1871 625 1944 De
656 1871 915 1943 statuis
949 1896 1136 1969 quae
1177 1870 1359 1969 imp.
1402 1871 1728 1943 ΤΒΑΙΑΝΟ
1770 1871 2053 1944 dicatae
2085 1882 2280 1960 sunt,
2318 1873 2412 1944 cf.
2450 1897 2638 1969 quae
2668 1898 2744 1969 p.
2781 1870 2866 1940 61

417 1995 596 2068 dixi.

513 2121 717 2192 Inter
736 2146 993 2193 omnes
1020 2120 1370 2219 epistulas
1404 2146 1591 2218 quae
1623 2119 1713 2191 de
1746 2120 2271 2192 controuersiis
2310 2120 2569 2191 finium
2607 2119 2873 2192 missae

384 2256 613 2335 sunt,
665 2242 1374 2343 plurimae-Traiani
1427 2245 1876 2343 principatui
1921 2245 2354 2317 tribuendae
2411 2253 2608 2316 sunt.
2660 2245 2874 2316 Nunc

414 2396 621 2455 uem,
662 2396 832 2441 cum
880 2368 1323 2469 paucissima
1359 2369 1669 2441 habeam
1710 2395 1896 2467 quae
1934 2369 2204 2441 tabulis
2242 2394 2283 2441 a
2313 2368 2405 2441 G.
2437 2367 2657 2441 Colin
2696 2368 2876 2440 deli-

413 2494 651 2566 neatis
690 2495 710 2539 ¹
744 2493 1084 2582 adiciam,
1125 2493 1307 2564 nihil
1345 2519 1569 2591 quam
1610 2520 1870 2592 parurn
1911 2493 2156 2566 dicere
2196 2493 2423 2565 satius
2457 2503 2565 2565 est
2596 2518 2611 2565 :
2649 2492 2873 2566 docu-

415 2633 667 2690 menta
705 2617 930 2715 igitur
969 2598 1289 2709 maxime
1333 2617 1556 2715 digna
1590 2644 1778 2715 quae
1811 2618 2148 2706 seorsim,
2184 2617 2401 2690 nouis
2438 2617 2872 2714 fragmentis

414 2742 796 2831 adhibitis,
855 2751 1260 2814 tractentur
1299 2741 1390 2814 ad
1445 2752 1736 2842 tempus
1781 2743 2016 2840 magis
2063 2753 2316 2842 aptum
2365 2741 2652 2814 differO.
2706 2740 2872 2814 Hoc

413 2877 696 2939 tantum
730 2869 1066 2939 conicere
1092 2868 1309 2939 liceat
1345 2877 1618 2939 statuas
1652 2894 1838 2965 quae
1874 2867 2249 2940 nonnullis
2279 2868 2578 2940 alterius
2599 2868 2872 2940 saeculi

414 2992 982 3091 imperatoribus
1023 3003 1095 3064 et
1126 2991 1494 3091 imprimis
1533 2993 1846 3064 Traiano
1882 2991 2277 3091 Ambryssi
2311 2993 2592 3092 positae
2632 3003 2804 3064 sunt
2841 2994 2867 3037 ‘²

415 3143 562 3188 non
604 3117 763 3189 sine
808 3143 1027 3189 causa
1071 3117 1162 3189 ad
1201 3143 1543 3215 agrorum
1589 3116 2281 3189 determinationem
2318 3117 2581 3188 referri
2621 3142 2860 3215 posse.

510 3241 700 3313 Ecce
740 3252 984 3314 autem
1023 3242 1250 3314 habes
1290 3241 1472 3314 duas
1502 3241 1856 3341 epistulas
1890 3268 2070 3339 quas
2110 3242 2200 3313 ab
2232 3242 2394 3339 ipso
2423 3241 2865 3339 imperatore

412 3366 615 3439 datas
652 3392 808 3438 esse
848 3366 974 3438 uix
1009 3366 1381 3439 dubitabis
1421 3370 1474 3440 3.

484 3691 533 3744 1.
575 3688 733 3742 BCH
758 3687 963 3741 XXVII
997 3688 1115 3742 tab.
1150 3687 1310 3741 1-111.

482 3780 534 3831 2.
576 3777 657 3830 IG
683 3777 758 3830 IX
800 3778 885 3830 17.

482 3868 531 3921 3.
576 3866 704 3922 ΝΝ.
737 3866 839 3918 443
888 3865 1255 3936 (iampridem
1290 3866 1514 3919 editum
1547 3866 1793 3918 Hermae
1832 3864 1966 3917 VIII
1999 3883 2055 3936 p.
2099 3865 2247 3935 416),
2283 3865 2441 3931 1567,
2487 3864 2647 3929 3954,
2699 3864 2858 3917 3800.

408 3957 696 4019 Quattuor
732 3956 877 4008 haec
907 3961 1043 4008 sunt
1085 3955 1292 4026 fragm.
1336 3955 1563 4025 lapidis.
1588 3955 1821 4008 calcarii
1865 3955 1963 4025 qui
2001 3970 2072 4008 ex
2114 3954 2316 4024 templi
2353 3970 2520 4006 muro
2555 3953 2858 4005 meridiem

414 4062 618 4100 uersus
644 4045 875 4098 cecidit.
