3692 5643
1369 632 1456 681 DE
1510 634 2004 682 Ancnowrmvs
2819 613 2912 683 37

552 783 847 860 Taurus
886 788 1187 886 quidem
1234 785 1663 858 notissimus
1703 797 1812 858 est
1850 788 1867 830 ¹
1929 786 2098 858 licet
2144 785 2356 859 libris
2396 787 2619 859 Gellii
2658 795 2921 860 manu-²

457 913 750 1012 scriptis
777 938 1167 1012 perperam
1200 910 1570 984 Caluisius
1602 911 2027 982 nominetur
2057 935 2072 983 ε
2105 911 2186 982 L.
2216 910 2573 994 Caluinus
2603 913 2913 1001 TauruS‚

459 1038 839 1136 BerytiuS‚
894 1037 1105 1109 cuius
1163 1041 1360 1134 ἀκμῇ
1425 1040 1501 1108 ἃ.
1555 1036 1693 1106 145
1761 1034 2207 1123 uindicatur,
2271 1035 2466 1108 inter
2527 1037 2919 1134 magistros

457 1162 779 1235 Herodis
803 1161 1034 1233 Attici
1066 1161 1206 1232 fuit
1229 1171 1298 1232 et
1330 1159 1639 1232 Luciani
1669 1142 1996 1257 quoque,
2034 1159 2094 1230 si
2132 1159 2431 1257 'quidem
2457 1161 2640 1232 nihil
2674 1160 2922 1235 obstat·

456 1287 637 1385 quin
679 1285 997 1358 eundem
1042 1284 1266 1356 fuisse
1322 1294 1561 1382 atque.
1600 1284 1813 1355 illum
1868 1283 2311 1355 arbitremur
2370 1284 2579 1356 cuius
2623 1284 2919 1358 libellus

454 1410 918 1482 Hermotimi
943 1411 970 1454 2
1015 1409 1315 1481 nomine
1365 1408 1764 1507 inscriptus
1813 1407 2611 1505 mythicos'ser'mones
2662 1410 2910 1482 refert.

455 1536 644 1606 Eum
686 1514 935 1606 uero«
967 1533 1296 1631 Delphos
1328 1533 1418 1604 ad
1456 1532 1724 1630 Pythia
1765 1538 2366 1630 conuentumque
2415 1532 2642 1605 totius
2682 1534 2915 1605 ferme

457 1659 808 1732 Graeciae
858 1656 1253 1730 uisendum
1307 1688 1337 1723 »
1398 1657 1541 1728 isse
1595 1667 1842 1728 narrat
1896 1656 2180 1729 Gellius
2212 1660 2281 1739 33
2343 1656 2471 1754 qui
2515 1683 2687 1728 cum
2735 1658 2916 1731 haec

453 1782 816 1857 addiderit
862 1814 895 1850 «
928 1800 1097 1854 cum
1150 1808 1284 1853 nos
1325 1781 1391 1853 ei
1446 1777 1752 1853 comites
1785 1786 2221 1868 essemus»,
2289 1781 2532 1879 reipsa
2577 1782 2918 1880 praebuit

457 1907 650 1979 unde
695 1906 966 2005 Pythia
999 1905 1124 1978 illa
1158 1905 1377 1978 simul
1420 1915 1639 2003 atque
1689 1904 2148 1985 Aristaeneti-
2172 1930 2443 1977 munus
2485 1916 2683 1979 certo
2719 1924 2914 1979 anno

454 2030 681 2103 tribui
736 2011 1061 2129 possent.
1101 2029 1387 2102 Gellius
1429 2030 1626 2101 enim
1685 2029 2002 2101 Romam
2064 2028 2285 2102 rediit
2313 2040 2479 2115 ante
2529 2029 2914 2127 Peregrini
2952 2068 2956 2079 ·

454 2157 764 2228 Proteos
814 2140 1159 2243 mortem,
1199 2153 1249 2227 i.
1297 2181 1363 2226 e.
1412 2164 1579 2226 ante
1629 2180 1695 2226 a.
1756 2155 1896 2226 165
1936 2154 1998 2241 43
2057 2154 2186 2226 sed
2233 2179 2402 2225 cum
2463 2153 2541 2225 in
2606 2153 2915 2228 Graecia

455 2279 969 2365 tantummodo
1018 2279 1210 2351 inter
1253 2305 1318 2351 a.
1378 2279 1516 2349 160
1557 2289 1628 2350 et
1671 2278 1809 2349 165
1854 2289 2185 2361 uersatus
2224 2277 2344 2368 sit,
2401 2277 2672 2376 Pythia
2711 2278 2914 2351 nulla

455 2403 599 2476 nisi
643 2430 706 2481 a.
768 2405 905 2483 163,
951 2414 1278 2502 'spectare
1333 2403 1598 2502 potuit.
1653 2401 2382 2475 Sic'Aristae'netum
2440 2403 2906 2491 archontem‚

436 2528 628 2603 ,dein
666 2527 1124 2600 sacerdotem
1165 2527 1816 2625 Antiphanemque
1864 2527 2291 2599 archontem
2335 2527 2674 2603 ordinare
2714 2526 2913 2625 cogi-

458 2678 650 2725 mur.
882 2640 889 2649 ·
1196 2738 1201 2742 ι
1908 2659 1914 2665 ’
2373 2648 2381 2655 ’

549 2776 954 2849 Eubulides
1010 2786 1286 2866 autem,
1353 2801 1584 2875 nepos
1646 2774 1973 2848 Philleae
2047 2775 2271 2863 illius,
2341 2772 2749 2848 Eubulidae
2820 2777 2905 2865 f.‚

450 2927 673 3000 quem
712 2900 1088 2974 buleutam
1140 2902 1366 2973 fuisse
1407 2900 1709 2973 Soclaro
1760 2903 2030 2972 iterum
2084 2903 2432 2973 archonte
2471 2900 2820 2972 nouimus
2850 2881 2904 2989 5,

452 3025 781 3097 eiusdem
823 3027 976 3097 fere
1011 3025 1367 3124 temporis
1407 3036 1539 3098 est.
1582 3023 1878 3098 Paucos
1905 3026 2104 3098 enim
2140 3022 2376 3096 annos
2404 3034 2571 3123 post
2600 3025 2723 3096 aut
2760 3021 2912 3096 for·
2951 3003 2956 3009 ⁵

448 3160 638 3221 tasse
678 3160 845 3248 ante
888 3146 925 3196 ⁶*
953 3150 1497 3222 Aristaenetum
1522 3177 1691 3222 eum
1729 3149 2158 3223 archontem
2192 3149 2417 3220 fuisse
2453 3148 2908 3247 opinor‚non

453 3273 693 3344 solum
738 3273 912 3371 quia
952 3284 1266 3373 uterque
1311 3275 1568 3347 titulus
1602 3273 1857 3347 eadem
1914 3300 2137 3345 manu
2194 3283 2535 3345 exaratus
2602 3284 2734 3360 est,
2780 3271 2944 3370 sed·

451 3398 671 3470 etiam
693 3408 998 3498 propter
1021 3425 1294 3480 nomen
1337 3398 1760 3497 philosophi
1782 3397 1927 3494 'qui
1958 3397 2241 3496 primus
2279 3397 2472 3487 inter
2498 3397 2908 3495 platonicos

524 3623 574 3673 1.
616 3619 706 3674 Cf.
737 3620 1074 3674 testimonia
1106 3621 1464 3690 Prosopoyr.
1510 3618 1529 3670 1
1576 3637 1633 3690 p.
1680 3620 1779 3672 295
1820 3623 2119 3690 congesta.
2164 3619 2389 3671 Taurus
2432 3618 2580 3671 ciuis
2630 3635 2905 3671 romanus

452 3708 582 3776 suit,
617 3714 681 3761 ut
715 3726 921 3762 omnes
952 3711 1052 3779 qui
1096 3709 1316 3762 scholis
1356 3708 1835 3780 philosophorum
1873 3712 2221 3778 praeerant:
2266 3709 2340 3763 cf.
2385 3707 2566 3773 Diels,
2607 3707 2824 3759 Archiv
2852 3707 2901 3776 f.

455 3798 790 3850 Geschichte
818 3798 922 3850 der
952 3798 1174 3852 Philas.
1213 3798 1343 3850 1891
1375 3814 1432 3867 p.
1460 3798 1583 3852 490.
1926 3796 1932 3802 ’
2836 3793 2844 3803 ’

520 3889 573 3940 2.
617 3888 690 3941 N.
723 3888 795 3941 A.
832 3886 1011 3954 X115,
1047 3887 1096 3940 1.

523 3977 573 4030 3.
617 3976 756 4047 Cap.
790 3976 860 4027 24
889 3975 981 4029 ed.
1018 3976 1334 4028 Fritzsche.

520 4065 571 4119 4.
616 4065 702 4118 Cf.
738 4064 830 4118 ed.
869 4064 1062 4119 Hertz.
1097 4064 1299 4119 maior.
1334 4064 1515 4135 praef.

524 4155 574 4208 5.
615 4154 704 4206 Cf.
735 4171 791 4224 p.
827 4154 912 4207 29.
1318 4162 1323 4168 ’

526 4243 578 4297 6.
626 4242 826 4294 Potius
852 4247 1008 4310 ante,
1041 4244 1175 4312 quia
1220 4243 1277 4294 in
1309 4243 1547 4296 decreto
1577 4260 1693 4314 quo
1728 4242 1950 4295 Taurus
1986 4242 2315 4313 delphicam
2347 4242 2643 4294 ciuitatem
2677 4237 2904 4312 accepit

457 4346 512 4384 u.
549 4332 578 4382 3
604 4336 901 4383 extremae
930 4331 1158 4383 litterae
1189 4331 1378 4386 ΝΟΙΣ
1408 4331 1667 4383 minores
1699 4332 1955 4400 scriptae
1985 4336 2143 4397 sunt,
2171 4331 2323 4401 quod
2358 4330 2556 4382 testari
2589 4329 2821 4382 uidetur
2845 4330 2901 4381 in

459 4417 658 4471 dextra
685 4419 898 4489 lapidis
924 4426 1087 4489 parte
1115 4420 1227 4471 iam
1259 4420 1504 4472 alterum
1533 4419 1766 4472 titulum
1798 4426 1969 4472 antea
1993 4418 2348 4489 insculptum
2380 4418 2580 4471 fuisse.
