3692 5643
827 623 872 692 8
1298 707 1301 710 Α
1856 645 2249 691 PRAEFA‘rlo

825 800 925 883 fit,
991 797 1290 869 densius
1374 797 1705 895 stipatae.
1798 797 2026 867 Extra
2096 795 2415 894 periboli
2487 806 2752 868 muros
2798 795 2888 867 ab
2968 805 3274 893 utraque

825 933 1027 1021 parte
1074 920 1363 1013 sbalnea
1431 919 1782 1018 patebant
1836 944 1851 992 :
1930 921 2369 1019 hypocausti
2434 919 2744 1016 uestigia
2816 920 3274 991 occidentem

825 1071 1085 1118 uersus
1115 1054 1526 1132 remanent,
1579 1043 1705 1115 sed
1738 1046 1972 1115 multo
2008 1047 2326 1115 maiores
2362 1055 2572 1115 erant
2609 1045 2937 1115 thermae
2975 1070 3160 1141 quae
3185 1045 3277 1115 ad

826 1171 1186 1242 orientem
1235 1179 1592 1277 spectant.
1650 1170 1736 1239 In
1771 1168 1887 1240 his
1937 1169 2270 1241 locorum
2317 1167 2703 1240 instructio
2752 1169 2992 1240 adhuc
3044 1168 3279 1240 cerni-

832 1304 973 1382 tur,
1017 1303 1090 1364 et
1129 1293 1355 1364 cellae
1411 1292 1630 1363 unius
1684 1303 1817 1380 ‚aut
1855 1292 2157 1364 alterius
2204 1292 2742 1391 pauimentum,
2794 1292 3280 1364 uermiculato

830 1417 1271 1489 emblemate
1317 1426 1652 1488 stratum.
1683 1419 1943 1514 Aquae
1986 1417 2060 1487 in
2094 1443 2445 1515 magnum
2487 1418 3031 1515 receptaculum
3071 1416 3279 1489 colli-

830 1541 1193 1639 gebantur
1242 1540 1441 1638 quod
1483 1551 1834 1638 tanquam
1887 1541 2320 1639 planissimo
2370 1542 2814 1612 documento
2870 1540 3083 1612 nobis
3140 1553 3273 1628 est,

830 1692 1110 1737 nouum
1156 1691 1416 1736 rerum
1499 1665 1835 1735 ordinem
1900 1665 2231 1736 extitisse
2303 1694 2315 1735 :
2382 1664 2748 1763 porticum
2794 1665 2990 1737 enim
3046 1666 3278 1736 multo

831 1798 1347 1870 uestustiorem
1380 1808 1452 1869 et
1478 1799 1810 1895 πωρίναις
1852 1798 2219 1870 columnis
2259 1809 2705 1870 exstructam
2758 1799 3102 1887 Romani,
3154 1809 3281 1870 aut

828 1922 1102 2021 Delphi
1157 1922 1516 1994 Romanis
1551 1921 2007 2008 iubentibu5‚
2032 1923 2702 1994 accomodauerunt
2732 1922 3029 1994 utilitati
3078 1922 3281 1994 clau-

827 2046 1071 2143 sisque
1112 2045 1703 2117 intercolumniis
1740 2045 2076 2143 ingentes
2116 2073 2368 2117 muros
2414 2058 2809 2118 erexerunt
2826 2046 3098 2144 quibus
3128 2047 3279 2117 for-

830 2171 956 2241 nix
985 2169 1331 2268 imposita
1370 2181 1504 2241 est.
1557 2170 1836 2241 Eodem
1877 2169 2098 2241 modo
2130 2171 2203 2240 in
2248 2170 2755 2269 compluribus
2773 2170 2955 2242 locis
2996 2181 3069 2242 et
3088 2170 3279 2243 intra

833 2293 1148 2394 periboli
1195 2305 1533 2393 saeptum
1576 2294 1920 2391 antiquos
1958 2321 2235 2380 murOS‚
2283 2294 2439 2367 siue
2488 2295 2805 2367 isodomi
2854 2308 3059 2369 erant
3126 2295 3282 2367 siue

833 2447 924 2491 ex
993 2418 1419 2518 polygoniis
1467 2419 1835 2518 lapidibus
1886 2419 2345 2518 constabant,
2396 2420 2606 2518 quasi
2663 2419 3279 2520 duplicauerunt:

833 2570 1030 2615 nunc
1080 2544 1299 2615 etiam
1351 2544 1605 2615 multis
1653 2570 1908 2615 eorum
1954 2543 2275 2616 laterarii
2323 2545 2785 2617 incumbunt.
2823 2547 3018 2617 Ante
3037 2545 3285 2618 omnia

830 2668 953 2739 hic
1002 2668 1483 2740 memoranda
1519 2678 1629 2740 est
1675 2670 1913 2767 platea
1970 2694 2158 2765 quae
2189 2678 2356 2740 ante
2388 2669 2991 2768 opisthodomum
3031 2670 3284 2768 templi

827 2790 1007 2864 olim
1063 2791 1550 2891 pandebatur,
1605 2818 1790 2891 quae
1850 2792 2203 2866 aediculis
2261 2793 2544 2891 aliquot
2592 2820 2679 2866 ex
2727 2794 3077 2870 latericiis
3136 2785 3283 2867 illis

829 2918 1061 2989 muris
1091 2918 1482 2990 exstructis
1518 2917 1829 2990 dimidio
1862 2918 2107 2989 minor
2135 2920 2323 2991 facta
2360 2928 2494 2991 est.

925 3041 1199 3114 Statuis
1271 3068 1565 3140 quoque
1634 3068 1917 3114 sacram
1988 3043 2361 3140 Apollinis
2418 3044 2670 3115 sedem
2736 3044 3282 3116 adornauerunt

832 3192 1022 3264 quae
1077 3166 1138 3237 si
1200 3193 1347 3237 non
1421 3166 1630 3264 signa
1682 3178 2072 3265 ceteraque
2132 3193 2561 3265 graecarum
2619 3169 2887 3240 artium
2946 3170 3185 3268 capita
3242 3195 3283 3240 a

829 3290 1034 3362 Sulla
1083 3301 1155 3362 et
1195 3291 1486 3363 Nerone
1538 3291 1826 3364 sublata
1882 3292 2294 3391 pensabant
2341 3303 2416 3364 at
2467 3294 2996 3365 nonnullorum
3037 3294 3281 3366 locum

828 3424 1079 3486 tenere
1121 3414 1588 3488 uidebantur.
1636 3417 1861 3488 Velut
1908 3417 1987 3487 in
2042 3411 2186 3489 una
2235 3444 2325 3489 ex
2362 3419 2466 3490 eis
2496 3418 2699 3490 cellis
2734 3444 2921 3515 quae
2966 3420 3281 3518 plateam

831 3547 995 3609 ante
1048 3539 1650 3637 opisthodomum
1698 3541 2223 3639 praetexebant
2278 3542 2541 3614 intimo
2594 3543 2857 3640 parieti
2924 3537 3283 3642 applicata

831 3661 1070 3733 stabat
1112 3665 1610 3761 pulcherrima
1632 3666 1947 3737 Antinoi
1977 3666 2293 3763 effigies3
2341 3676 2412 3738 et
2434 3667 2507 3737 in
2532 3666 2944 3765 ipsaplatea
2969 3668 3283 3739 rotunda

831 3785 1025 3858 basis
1097 3787 1311 3858 cuius
1379 3788 1761 3887 inscriptio
1814 3790 2057 3888 periit,
2159 3816 2379 3887 quam
2438 3791 2904 3889 imperatoris
2976 3791 3284 3863 alicuius

830 3919 1144 3982 statuam
1194 3911 1459 4007 'tulisse
1527 3924 2108 3985 consentaneum
2183 3925 2314 3986 est.
2412 3916 2624 3987 Adde
2705 3916 3028 3986 hominis
3120 3914 3284 3987 bar-

831 4034 983 4106 bati
1033 4046 1253 4134 caput
1309 4037 1506 4133 quod
1557 4038 1615 4110 I.
1686 4039 2027 4109 Pomtow
2077 4038 2361 4138 primus
2421 4040 2883 4128 illustrauit¹,
2938 4035 3281 4137 aliudque

902 4345 953 4397 1.
998 4344 1158 4398 Libri
1183 4347 1282 4417 qui
1315 4348 1612 4420 Beilraeqe
1640 4367 1746 4402 zur
1784 4351 2183 4422 T-opoqraphie
2217 4368 2323 4403 von
2353 4350 2566 4421 Delphi
2595 4351 2933 4404 inscribitur
2957 4369 3013 4423 p.
3047 4353 3280 4405 110-111

830 4438 889 4486 et
914 4434 1032 4488 tab.
1068 4433 1219 4489 XIII.
