3692 5643
1295 750 1382 795 DE
1438 750 1951 797 IMPERATORVM
2004 749 2361 797 EPISTVLIS
2951 725 3029 796 64

598 914 829 974 tutam
887 902 1306 974 Hadrianus
1353 902 1468 974 bis
1520 903 1881 1000 respexit,
1948 902 2265 985 mutauit
2307 914 2551 972 tamen
2609 902 2825 972 sicuti
2878 928 3051 972 mox

599 1026 1041 1098 uidebimus.
1091 1029 1297 1098 Duos
1337 1027 1563 1123 igitur
1593 1037 1879 1098 tantum
1928 1027 2180 1097 titulos
2223 1027 2344 1098 hic
2389 1025 2674 1097 adferre
2703 1052 3002 1124 possum
3029 1084 3043 1113 ‚

594 1152 764 1222 licet
801 1161 1110 1249 uterque
1160 1152 1307 1222 iam
1351 1152 1784 1222 notissimus
1826 1150 2010 1221 mihi
2046 1151 2407 1222 uideatur.

607 1362 612 1369 1
694 1275 909 1346 Prior
950 1276 1026 1345 in
1081 1276 1493 1373 fragmento
1540 1274 1805 1373 lapidis
1866 1276 2046 1346 calc,
2111 1274 2545 1372 leucophaei
2608 1274 2885 1345 incisus
2942 1284 3052 1345 est

601 1399 700 1495 (n.
748 1400 1172 1497 904)·cuius
1211 1401 1412 1471 nulla
1460 1427 1714 1497 margo
1754 1400 1897 1470 nisi
1947 1426 2266 1498 superna
2320 1409 2690 1470 asseruata
2745 1410 2877 1470 est.
2935 1397 3049 1483 Ibi

593 1524 939 1619 leguntur
964 1525 1099 1595 hae
1131 1524 1417 1597 litterae
1461 1551 1475 1597 :

1160 1710 1677 1772 ΝΤΩΝΑΜΦΙ
1968 1709 2410 1773 ΤΟΚΟΙΝΟ

1160 1816 1680 1880 ΝΛΕΥΚΙΟΝ
1817 1830 1832 1841 *
1975 1816 2323 1878 ΙΟΥΛΙΑ

1237 1922 1631 1985 ΛΙ*“Λ”’Λ
1969 1924 2016 1985 5

693 2073 907 2156 Quod
949 2073 1378 2144 iamdudum
1426 2101 1855 2172 persuasum
1898 2074 2122 2145 habui
2155 2074 2339 2147 nihil
2383 2074 2581 2144 aliud
2624 2100 2781 2144 esse
2826 2100 3047 2170 quam

595 2198 889 2268 titulum
925 2198 1050 2295 qui
1097 2225 1135 2269 a
1179 2199 1491 2295 Cyri'aco
1533 2199 1943 2296 descriptus
1986 2224 2183 2269 nunc
2229 2198 2399 2271 CIG
2436 2200 2621 2268 1712
2678 2209 2896 2269 extat.
2946 2200 3037 2268 A.

597 2322 791 2392 enim
834 2323 1164 2411 Boeckh5
1188 2323 1376 2393 miro
1406 2349 1553 2419 quo
1591 2324 1695 2394 uti
1737 2324 1996 2394 solitus
2034 2334 2142 2394 est
2170 2322 2536 2408 acumine,
2581 2349 2670 2392 ex
2698 2322 3047 2393 indiscre-

596 2447 687 2517 tis
736 2446 1134 2543 apographi
1180 2448 1516 2518 uersibus
1552 2448 1733 2518 duos
1777 2447 2025 2518 titulos
2075 2473 2307 2545 paene
2348 2445 2626 2517 similes
2665 2445 2741 2515 in
2785 2446 3044 2517 eodem

594 2570 833 2667 lapide
851 2570 1255 2668 insculptos
1283 2572 1504 2642 fuisse
1535 2572 1978 2670 peruiderat..
2001 2572 2217 2654 Quod
2246 2581 2490 2641 autem
2514 2571 2603 2641 de
2627 2570 2711 2642 C.
2733 2570 3045 2641 Caesare

595 2694 984 2790 cogitauit,
1051 2722 1198 2765 non
1263 2697 1380 2767 hic
1433 2697 1744 2784 errauit,
1814 2696 1941 2767 sed
2000 2697 2121 2766 ille
2185 2695 2313 2792 qui
2383 2695 2664 2792 primus
2723 2694 3044 2791 lapidem

592 2819 1003 2917 descripsit.
1067 2821 1321 2917 Neque
1378 2820 1968 2892 emendationem
2026 2820 2600 2892 Muratorianam
2652 2810 3042 2915 {affixo-ww

593 2937 762 3040 υἱὸν]
827 2944 1042 3015 nobis
1096 2945 1835 3043 quidem,probauit,
1902 2947 2028 3016 sed
2097 2945 2469 3042 quomodo
2523 2943 3041 3040 corrigendum

593 3078 782 3139 esset
814 3068 1123 3139 uerbum
1159 3095 1197 3140 a
1226 3069 1539 3166 Cyriaco
1567 3070 1839 3141 lectum
1869 3069 2250 3141 indicauit.
2289 3069 2477 3139 Nam
2506 3067 3042 3172 restituendum

593 3218 856 3264 CenSeO
896 3219 909 3264 ἶ

657 3396 682 3414 ·
772 3372 885 3458 [Tb
923 3372 1139 3458 κοινό]ν
1180 3384 1293 3439 τῶν
1340 3373 1550 3461 Ἀμφι-
1690 3377 1773 3441 Τὸ
1806 3376 2023 3461 amb&
2059 3386 2172 3441 τῶν
2215 3373 2682 3459 Ἀμφικτυόνων]

771 3487 1079 3573 [κτυόνω]ν
1119 3490 1371 3555 Λεύκιον
1697 3490 1979 3577 Ἰουλίοῆν
2012 3493 2101 3555 Μ.
2154 3489 2465 3576 Ἀγρίππα·
2490 3487 2807 3573 θυγατέρα]

771 3602 1052 3689 [Ἰούλιον
1105 3603 1409 3692 Rhianum
1689 3606 2017 3693 {stem-wa
2061 3604 2329 3690 υἱωνήν.]

590 3770 929 3866 Denique
968 3761 1404 3867 [Ἀπόλλωνι
1446 3763 1714 3868 Πυθίῳ]
1763 3773 1960 3869 quod
2003 3773 2158 3843 sine
2199 3772 2425 3842 dubio
2458 3771 2572 3840 bis
2604 3769 3038 3866 inscriptum

589 3904 765 3981 erat,
798 3895 846 3965 i.
886 3921 949 3965 e.
986 3896 1211 3965 semel
1245 3895 1379 3966 sub
1410 3906 1723 3993 utroque
1754 3886 2081 3967 nomine.

685 4018 996 4089 Duobus
1035 4018 1258 4115 igitur
1300 4020 1401 4090 M.
1458 4022 1830 4119 Agrippae
1869 4032 1940 4093 et
1992 4022 2218 4092 hiliae
2268 4022 2457 4118 Aug.
2505 4020 2556 4091 f.
2610 4018 2858 4117 pueris
2899 4027 3041 4087 sta-

585 4152 743 4212 tuas
788 4153 1248 4215 consecratas
1293 4171 1448 4215 esse
1502 4155 1705 4241 puto,
1756 4147 1957 4243 quod
1998 4146 2225 4218 altero
2266 4146 2478 4217 titulo
2529 4144 3032 4215 confirmatur.

587 4265 872 4362 Spectat
911 4268 1105 4338 enim
1144 4268 1233 4339 ad
1270 4269 1573 4340 alteram
1610 4272 1710 4341 M.
1751 4272 2123 4368 Agrippae
2155 4271 2382 4341 filiam
2411 4268 2791 4365 inscriptio
2828 4264 3039 4337 cuius

585 4390 878 4462 sinistra
930 4419 1098 4490 pars
1147 4393 1424 4465 Athen.
1464 4394 1770 4466 Mitteil.
1808 4397 1875 4465 V
1903 4422 1973 4492 p.
2016 4397 2151 4466 197
2191 4395 2384 4467 edita
2435 4405 2566 4479 est,
2605 4417 2804 4463 nunc
2857 4415 3035 4462 uero

365 4515 374 4522 “
487 4587 495 4594 ,
584 4514 1139 4613 adiungendum
1179 4528 1288 4589 est
1328 4518 1823 4614 fragmentum
1862 4546 1934 4590 n.
1984 4521 2174 4591 3809
2213 4545 2226 4591 :
