<?xml version="1.0" encoding="UTF-8"?>
<!DOCTYPE html PUBLIC "-//W3C//DTD XHTML 1.0 Transitional//EN"
    "http://www.w3.org/TR/xhtml1/DTD/xhtml1-transitional.dtd">
<html xmlns="http://www.w3.org/1999/xhtml" xml:lang="en" lang="en">
 <head>
  <title>
</title>
<meta http-equiv="Content-Type" content="text/html;charset=utf-8" />
  <meta name='ocr-system' content='tesseract 3.04.00' />
  <meta name='ocr-capabilities' content='ocr_page ocr_carea ocr_par ocr_line ocrx_word'/>
</head>
<body>
  <div class='ocr_page' id='page_1' title='image "./derebusdelphici01bourgoog_0064.png"; bbox 0 0 3692 5643; ppageno 0'>
   <div class='ocr_carea' id='block_1_1' title="bbox 801 598 2611 667">
    <p class='ocr_par' dir='ltr' id='par_1_1' title="bbox 801 598 2611 667">
     <span class='ocr_line' id='line_1_1' title="bbox 801 598 2611 667; baseline -0.001 0"><span class='ocrx_word' id='word_1_1' title='bbox 801 598 893 667; x_wconf 75' lang='lat'>56</span> <span class='ocrx_word' id='word_1_2' title='bbox 1441 620 1530 664; x_wconf 75' lang='lat' dir='ltr'>DF,</span> <span class='ocrx_word' id='word_1_3' title='bbox 1584 619 2152 666; x_wconf 71' lang='lat' dir='ltr'>AMPnlc‘rYoNvM</span> <span class='ocrx_word' id='word_1_4' title='bbox 2206 619 2611 665; x_wconf 59' lang='lat' dir='ltr'>ermanus</span> 
     </span>
    </p>
   </div>
   <div class='ocr_carea' id='block_1_2' title="bbox 797 771 3261 1243">
    <p class='ocr_par' dir='ltr' id='par_1_2' title="bbox 797 771 3261 1243">
     <span class='ocr_line' id='line_1_2' title="bbox 797 771 3254 871; baseline 0.001 -28"><span class='ocrx_word' id='word_1_5' title='bbox 797 773 994 871; x_wconf 87' lang='lat' dir='ltr'>quod</span> <span class='ocrx_word' id='word_1_6' title='bbox 1049 783 1194 843; x_wconf 83' lang='lat' dir='ltr'>tam</span> <span class='ocrx_word' id='word_1_7' title='bbox 1252 771 1440 842; x_wconf 90' lang='lat' dir='ltr'>bene</span> <span class='ocrx_word' id='word_1_8' title='bbox 1492 783 1559 843; x_wconf 79' lang='lat' dir='ltr'>et</span> <span class='ocrx_word' id='word_1_9' title='bbox 1615 771 1795 842; x_wconf 89' lang='lat' dir='ltr'>illud</span> <span class='ocrx_word' id='word_1_10' title='bbox 1860 772 2273 871; x_wconf 77' lang='grc' dir='ltr'>κεχόρευται</span> <span class='ocrx_word' id='word_1_11' title='bbox 2339 771 2537 870; x_wconf 90' lang='lat' dir='ltr'>quod</span> <span class='ocrx_word' id='word_1_12' title='bbox 2600 773 2863 844; x_wconf 86' lang='lat' dir='ltr'>melius</span> <span class='ocrx_word' id='word_1_13' title='bbox 2932 800 3108 845; x_wconf 90' lang='lat' dir='ltr'>sane</span> <span class='ocrx_word' id='word_1_14' title='bbox 3163 774 3254 845; x_wconf 89' lang='lat' dir='ltr'>de</span> 
     </span>
     <span class='ocr_line' id='line_1_3' title="bbox 801 895 3258 995; baseline 0 -26"><span class='ocrx_word' id='word_1_15' title='bbox 801 897 1239 995; x_wconf 80' lang='lat' dir='ltr'>agonotheta</span> <span class='ocrx_word' id='word_1_16' title='bbox 1300 922 1521 993; x_wconf 91' lang='lat' dir='ltr'>quam</span> <span class='ocrx_word' id='word_1_17' title='bbox 1596 895 1682 966; x_wconf 89' lang='lat' dir='ltr'>de</span> <span class='ocrx_word' id='word_1_18' title='bbox 1743 896 2120 968; x_wconf 79' lang='lat' dir='ltr'>sacerdote</span> <span class='ocrx_word' id='word_1_19' title='bbox 2184 896 2327 968; x_wconf 88' lang='lat' dir='ltr'>dici</span> <span class='ocrx_word' id='word_1_20' title='bbox 2390 907 2697 994; x_wconf 81' lang='lat' dir='ltr'>poterat,</span> <span class='ocrx_word' id='word_1_21' title='bbox 2756 898 2936 995; x_wconf 89' lang='lat' dir='ltr'>quid</span> <span class='ocrx_word' id='word_1_22' title='bbox 2997 899 3086 969; x_wconf 93' lang='lat' dir='ltr'>de</span> <span class='ocrx_word' id='word_1_23' title='bbox 3131 899 3258 970; x_wconf 89' lang='lat' dir='ltr'>illa</span> 
     </span>
     <span class='ocr_line' id='line_1_4' title="bbox 797 1019 3256 1120; baseline 0 -28"><span class='ocrx_word' id='word_1_24' title='bbox 797 1020 1195 1119; x_wconf 72' lang='grc' dir='ltr'>λῃτουργία</span> <span class='ocrx_word' id='word_1_25' title='bbox 1234 1019 1686 1091; x_wconf 89' lang='lat' dir='ltr'>censendum</span> <span class='ocrx_word' id='word_1_26' title='bbox 1739 1031 1848 1091; x_wconf 88' lang='lat' dir='ltr'>est</span> <span class='ocrx_word' id='word_1_27' title='bbox 1896 1020 2037 1091; x_wconf 85' lang='lat' dir='ltr'>nisi</span> <span class='ocrx_word' id='word_1_28' title='bbox 2088 1021 2366 1118; x_wconf 89' lang='lat' dir='ltr'>aliquid</span> <span class='ocrx_word' id='word_1_29' title='bbox 2422 1032 2713 1120; x_wconf 85' lang='lat' dir='ltr'>praeter</span> <span class='ocrx_word' id='word_1_30' title='bbox 2762 1023 3256 1093; x_wconf 81' lang='lat' dir='ltr'>sacerdotium</span> 
     </span>
     <span class='ocr_line' id='line_1_5' title="bbox 801 1144 3261 1243; baseline 0 -26"><span class='ocrx_word' id='word_1_31' title='bbox 801 1146 1231 1242; x_wconf 73' lang='lat' dir='ltr'>designari?</span> <span class='ocrx_word' id='word_1_32' title='bbox 1270 1144 1579 1215; x_wconf 83' lang='lat' dir='ltr'>Accedit</span> <span class='ocrx_word' id='word_1_33' title='bbox 1616 1155 1699 1215; x_wconf 86' lang='lat' dir='ltr'>ut</span> <span class='ocrx_word' id='word_1_34' title='bbox 1737 1144 2169 1216; x_wconf 85' lang='lat' dir='ltr'>diuturnum</span> <span class='ocrx_word' id='word_1_35' title='bbox 2205 1172 2418 1216; x_wconf 88' lang='lat' dir='ltr'>suum</span> <span class='ocrx_word' id='word_1_36' title='bbox 2461 1172 2732 1217; x_wconf 87' lang='lat' dir='ltr'>munus</span> <span class='ocrx_word' id='word_1_37' title='bbox 2762 1173 2908 1217; x_wconf 90' lang='lat' dir='ltr'>non</span> <span class='ocrx_word' id='word_1_38' title='bbox 2939 1147 3261 1243; x_wconf 85' lang='lat' dir='ltr'>uulgari-</span> 
     </span>
    </p>
   </div>
   <div class='ocr_carea' id='block_1_3' title="bbox 802 1272 3275 2846">
    <p class='ocr_par' dir='ltr' id='par_1_3' title="bbox 802 1272 3265 1723">
     <span class='ocr_line' id='line_1_6' title="bbox 802 1272 3259 1376; baseline 0 -27"><span class='ocrx_word' id='word_1_39' title='bbox 802 1278 944 1350; x_wconf 91' lang='lat' dir='ltr'>bus</span> <span class='ocrx_word' id='word_1_40' title='bbox 973 1277 1223 1349; x_wconf 86' lang='lat' dir='ltr'>uerbis</span> <span class='ocrx_word' id='word_1_41' title='bbox 1252 1276 1475 1348; x_wconf 78' lang='grc' dir='ltr'>πολὺν</span> <span class='ocrx_word' id='word_1_42' title='bbox 1510 1276 1760 1376; x_wconf 82' lang='grc' dir='ltr'>χρόνον</span> <span class='ocrx_word' id='word_1_43' title='bbox 1794 1288 1919 1349; x_wconf 87' lang='lat' dir='ltr'>aut</span> <span class='ocrx_word' id='word_1_44' title='bbox 1945 1277 2184 1349; x_wconf 79' lang='grc' dir='ltr'>πολλὰ</span> <span class='ocrx_word' id='word_1_45' title='bbox 2223 1272 2344 1372; x_wconf 81' lang='grc' dir='ltr'>ἔτη</span> <span class='ocrx_word' id='word_1_46' title='bbox 2375 1279 2500 1349; x_wconf 92' lang='lat' dir='ltr'>sed</span> <span class='ocrx_word' id='word_1_47' title='bbox 2534 1289 2883 1376; x_wconf 84' lang='lat' dir='ltr'>tanquam</span> <span class='ocrx_word' id='word_1_48' title='bbox 2916 1280 3259 1350; x_wconf 84' lang='lat' dir='ltr'>sollemni</span> 
     </span>
     <span class='ocr_line' id='line_1_7' title="bbox 808 1392 3261 1501; baseline 0 -27"><span class='ocrx_word' id='word_1_49' title='bbox 808 1404 1124 1475; x_wconf 88' lang='lat' dir='ltr'>formula</span> <span class='ocrx_word' id='word_1_50' title='bbox 1160 1400 1438 1485; x_wconf 81' lang='grc' dir='ltr'>πολλὰς</span> <span class='ocrx_word' id='word_1_51' title='bbox 1478 1392 1836 1484; x_wconf 77' lang='grc' dir='ltr'>Πυθιάδας</span> <span class='ocrx_word' id='word_1_52' title='bbox 1877 1402 2267 1500; x_wconf 85' lang='lat' dir='ltr'>significet.</span> <span class='ocrx_word' id='word_1_53' title='bbox 2320 1402 2482 1485; x_wconf 87' lang='lat' dir='ltr'>Qua</span> <span class='ocrx_word' id='word_1_54' title='bbox 2533 1429 2709 1475; x_wconf 90' lang='lat' dir='ltr'>usus</span> <span class='ocrx_word' id='word_1_55' title='bbox 2743 1404 2955 1474; x_wconf 88' lang='lat' dir='ltr'>ludos</span> <span class='ocrx_word' id='word_1_56' title='bbox 2997 1415 3261 1501; x_wconf 86' lang='lat' dir='ltr'>quarto</span> 
     </span>
     <span class='ocr_line' id='line_1_8' title="bbox 807 1527 3265 1625; baseline 0.001 -28"><span class='ocrx_word' id='word_1_57' title='bbox 807 1552 1104 1625; x_wconf 88' lang='lat' dir='ltr'>quoque</span> <span class='ocrx_word' id='word_1_58' title='bbox 1181 1553 1376 1598; x_wconf 88' lang='lat' dir='ltr'>anno</span> <span class='ocrx_word' id='word_1_59' title='bbox 1457 1538 1920 1598; x_wconf 84' lang='lat' dir='ltr'>recurrentes</span> <span class='ocrx_word' id='word_1_60' title='bbox 1983 1527 2054 1596; x_wconf 91' lang='lat' dir='ltr'>in</span> <span class='ocrx_word' id='word_1_61' title='bbox 2129 1527 2565 1599; x_wconf 87' lang='lat' dir='ltr'>memoriam</span> <span class='ocrx_word' id='word_1_62' title='bbox 2627 1527 2874 1599; x_wconf 84' lang='lat' dir='ltr'>statim</span> <span class='ocrx_word' id='word_1_63' title='bbox 2960 1539 3265 1599; x_wconf 84' lang='lat' dir='ltr'>reuocet</span> 
     </span>
     <span class='ocr_line' id='line_1_9' title="bbox 808 1661 1267 1723; baseline 0.002 -2"><span class='ocrx_word' id='word_1_64' title='bbox 808 1678 1103 1723; x_wconf 87' lang='lat' dir='ltr'>necesse</span> <span class='ocrx_word' id='word_1_65' title='bbox 1136 1661 1267 1722; x_wconf 89' lang='lat' dir='ltr'>est.</span> 
     </span>
    </p>

    <p class='ocr_par' dir='ltr' id='par_1_4' title="bbox 810 1775 3275 2846">
     <span class='ocr_line' id='line_1_10' title="bbox 906 1775 3267 1875; baseline 0 -28"><span class='ocrx_word' id='word_1_66' title='bbox 906 1775 1297 1847; x_wconf 89' lang='lat' dir='ltr'>Neminem</span> <span class='ocrx_word' id='word_1_67' title='bbox 1343 1777 1488 1848; x_wconf 90' lang='lat' dir='ltr'>iam</span> <span class='ocrx_word' id='word_1_68' title='bbox 1525 1777 1794 1873; x_wconf 83' lang='lat' dir='ltr'>fugerit</span> <span class='ocrx_word' id='word_1_69' title='bbox 1833 1802 1952 1847; x_wconf 91' lang='lat' dir='ltr'>me</span> <span class='ocrx_word' id='word_1_70' title='bbox 1997 1776 2393 1847; x_wconf 84' lang='lat' dir='ltr'>adductum</span> <span class='ocrx_word' id='word_1_71' title='bbox 2436 1802 2592 1847; x_wconf 88' lang='lat' dir='ltr'>esse</span> <span class='ocrx_word' id='word_1_72' title='bbox 2628 1786 2708 1846; x_wconf 90' lang='lat' dir='ltr'>ut</span> <span class='ocrx_word' id='word_1_73' title='bbox 2766 1777 3060 1848; x_wconf 90' lang='lat' dir='ltr'>credam</span> <span class='ocrx_word' id='word_1_74' title='bbox 3116 1778 3267 1875; x_wconf 89' lang='lat' dir='ltr'>epi-</span> 
     </span>
     <span class='ocr_line' id='line_1_11' title="bbox 810 1896 3260 1998; baseline 0 -28"><span class='ocrx_word' id='word_1_75' title='bbox 810 1900 1153 1972; x_wconf 82' lang='lat' dir='ltr'>meletam</span> <span class='ocrx_word' id='word_1_76' title='bbox 1212 1901 1404 1972; x_wconf 74' lang='lat' dir='ltr'>iusto</span> <span class='ocrx_word' id='word_1_77' title='bbox 1459 1927 1766 1972; x_wconf 90' lang='lat' dir='ltr'>munere</span> <span class='ocrx_word' id='word_1_78' title='bbox 1816 1927 1948 1998; x_wconf 89' lang='lat' dir='ltr'>per</span> <span class='ocrx_word' id='word_1_79' title='bbox 2003 1910 2351 1997; x_wconf 77' lang='lat' dir='ltr'>quattuor</span> <span class='ocrx_word' id='word_1_80' title='bbox 2381 1896 2629 1972; x_wconf 51' lang='lat' dir='ltr'>&#39;annos</span> <span class='ocrx_word' id='word_1_81' title='bbox 2683 1927 2839 1972; x_wconf 87' lang='lat' dir='ltr'>esse</span> <span class='ocrx_word' id='word_1_82' title='bbox 2896 1902 3260 1991; x_wconf 82' lang='lat' dir='ltr'>functum,</span> 
     </span>
     <span class='ocr_line' id='line_1_12' title="bbox 812 2023 3266 2123; baseline 0 -28"><span class='ocrx_word' id='word_1_83' title='bbox 812 2049 1130 2120; x_wconf 90' lang='lat' dir='ltr'>quorum</span> <span class='ocrx_word' id='word_1_84' title='bbox 1164 2024 1405 2122; x_wconf 90' lang='lat' dir='ltr'>primo</span> <span class='ocrx_word' id='word_1_85' title='bbox 1429 2025 1592 2095; x_wconf 92' lang='lat' dir='ltr'>insu</span> <span class='ocrx_word' id='word_1_86' title='bbox 1601 2052 1732 2123; x_wconf 86' lang='lat' dir='ltr'>per</span> <span class='ocrx_word' id='word_1_87' title='bbox 1752 2025 1994 2096; x_wconf 90' lang='lat' dir='ltr'>eidem</span> <span class='ocrx_word' id='word_1_88' title='bbox 2029 2025 2314 2123; x_wconf 87' lang='lat' dir='ltr'>homini</span> <span class='ocrx_word' id='word_1_89' title='bbox 2344 2025 2787 2122; x_wconf 77' lang='lat' dir='ltr'>Pythiorum</span> <span class='ocrx_word' id='word_1_90' title='bbox 2806 2023 3266 2096; x_wconf 88' lang='lat' dir='ltr'>edendorum</span> 
     </span>
     <span class='ocr_line' id='line_1_13' title="bbox 813 2148 3266 2247; baseline 0 -28"><span class='ocrx_word' id='word_1_91' title='bbox 813 2175 987 2220; x_wconf 90' lang='lat' dir='ltr'>cura</span> <span class='ocrx_word' id='word_1_92' title='bbox 1040 2148 1383 2247; x_wconf 87' lang='lat' dir='ltr'>imposita</span> <span class='ocrx_word' id='word_1_93' title='bbox 1451 2159 1629 2233; x_wconf 76' lang='lat' dir='ltr'>erat,</span> <span class='ocrx_word' id='word_1_94' title='bbox 1698 2160 1769 2220; x_wconf 87' lang='lat' dir='ltr'>et</span> <span class='ocrx_word' id='word_1_95' title='bbox 1827 2159 2205 2247; x_wconf 84' lang='lat' dir='ltr'>praeterea</span> <span class='ocrx_word' id='word_1_96' title='bbox 2275 2149 2671 2220; x_wconf 87' lang='lat' dir='ltr'>nonnullos</span> <span class='ocrx_word' id='word_1_97' title='bbox 2737 2161 2818 2221; x_wconf 88' lang='lat' dir='ltr'>ut</span> <span class='ocrx_word' id='word_1_98' title='bbox 2879 2151 3266 2221; x_wconf 87' lang='lat' dir='ltr'>Petraeum</span> 
     </span>
     <span class='ocr_line' id='line_1_14' title="bbox 822 2272 3261 2372; baseline 0 -28"><span class='ocrx_word' id='word_1_99' title='bbox 822 2273 1441 2372; x_wconf 83' lang='lat' dir='ltr'>Plutarchumque</span> <span class='ocrx_word' id='word_1_100' title='bbox 1480 2300 1748 2344; x_wconf 87' lang='lat' dir='ltr'>munus</span> <span class='ocrx_word' id='word_1_101' title='bbox 1794 2275 2063 2344; x_wconf 88' lang='lat' dir='ltr'>iterum</span> <span class='ocrx_word' id='word_1_102' title='bbox 2102 2284 2316 2370; x_wconf 86' lang='lat' dir='ltr'>atque</span> <span class='ocrx_word' id='word_1_103' title='bbox 2374 2272 2642 2343; x_wconf 82' lang='lat' dir='ltr'>iterum</span> <span class='ocrx_word' id='word_1_104' title='bbox 2685 2274 3261 2346; x_wconf 87' lang='lat' dir='ltr'>continuauisse.</span> 
     </span>
     <span class='ocr_line' id='line_1_15' title="bbox 818 2392 3270 2495; baseline 0 -26"><span class='ocrx_word' id='word_1_105' title='bbox 818 2392 966 2469; x_wconf 85' lang='lat' dir='ltr'>Sed</span> <span class='ocrx_word' id='word_1_106' title='bbox 990 2406 1071 2468; x_wconf 85' lang='lat' dir='ltr'>ut</span> <span class='ocrx_word' id='word_1_107' title='bbox 1088 2399 1268 2469; x_wconf 89' lang='lat' dir='ltr'>haec</span> <span class='ocrx_word' id='word_1_108' title='bbox 1295 2398 1728 2471; x_wconf 87' lang='lat' dir='ltr'>uerisimilia</span> <span class='ocrx_word' id='word_1_109' title='bbox 1765 2398 1949 2468; x_wconf 91' lang='lat' dir='ltr'>mihi</span> <span class='ocrx_word' id='word_1_110' title='bbox 1981 2397 2284 2495; x_wconf 91' lang='lat' dir='ltr'>quidem</span> <span class='ocrx_word' id='word_1_111' title='bbox 2309 2396 2654 2469; x_wconf 82' lang='lat' dir='ltr'>uidentur</span> <span class='ocrx_word' id='word_1_112' title='bbox 2683 2423 2869 2485; x_wconf 86' lang='lat' dir='ltr'>esse,</span> <span class='ocrx_word' id='word_1_113' title='bbox 2897 2398 2998 2469; x_wconf 89' lang='lat' dir='ltr'>ita</span> <span class='ocrx_word' id='word_1_114' title='bbox 3024 2398 3085 2469; x_wconf 91' lang='lat' dir='ltr'>si</span> <span class='ocrx_word' id='word_1_115' title='bbox 3105 2399 3270 2495; x_wconf 88' lang='lat' dir='ltr'>quis</span> 
     </span>
     <span class='ocr_line' id='line_1_16' title="bbox 817 2521 3271 2619; baseline -0 -26"><span class='ocrx_word' id='word_1_116' title='bbox 817 2521 908 2593; x_wconf 92' lang='lat' dir='ltr'>ab</span> <span class='ocrx_word' id='word_1_117' title='bbox 985 2549 1281 2593; x_wconf 88' lang='lat' dir='ltr'>assensu</span> <span class='ocrx_word' id='word_1_118' title='bbox 1350 2549 1423 2593; x_wconf 92' lang='lat' dir='ltr'>se</span> <span class='ocrx_word' id='word_1_119' title='bbox 1487 2523 1845 2594; x_wconf 84' lang='lat' dir='ltr'>sustineat</span> <span class='ocrx_word' id='word_1_120' title='bbox 1902 2548 2298 2619; x_wconf 86' lang='lat' dir='ltr'>coarguere</span> <span class='ocrx_word' id='word_1_121' title='bbox 2365 2549 2678 2619; x_wconf 78' lang='lat' dir='ltr'>nequeo,</span> <span class='ocrx_word' id='word_1_122' title='bbox 2713 2521 3063 2593; x_wconf 88' lang='lat' dir='ltr'>Ceterum</span> <span class='ocrx_word' id='word_1_123' title='bbox 3101 2524 3271 2594; x_wconf 86' lang='lat' dir='ltr'>satis</span> 
     </span>
     <span class='ocr_line' id='line_1_17' title="bbox 817 2629 3275 2745; baseline 0 -28"><span class='ocrx_word' id='word_1_124' title='bbox 817 2646 998 2719; x_wconf 88' lang='lat' dir='ltr'>certi</span> <span class='ocrx_word' id='word_1_125' title='bbox 1034 2657 1368 2745; x_wconf 85' lang='lat' dir='ltr'>superest</span> <span class='ocrx_word' id='word_1_126' title='bbox 1402 2657 1482 2718; x_wconf 91' lang='lat' dir='ltr'>ut</span> <span class='ocrx_word' id='word_1_127' title='bbox 1511 2673 1708 2718; x_wconf 89' lang='lat' dir='ltr'>nunc</span> <span class='ocrx_word' id='word_1_128' title='bbox 1749 2647 1928 2744; x_wconf 91' lang='lat' dir='ltr'>quid</span> <span class='ocrx_word' id='word_1_129' title='bbox 1973 2647 2286 2719; x_wconf 87' lang='lat' dir='ltr'>ualuerit</span> <span class='ocrx_word' id='word_1_130' title='bbox 2316 2629 2954 2745; x_wconf 67' lang='lat' dir='ltr'>Amphictyonum</span> <span class='ocrx_word' id='word_1_131' title='bbox 3002 2647 3275 2745; x_wconf 88' lang='lat' dir='ltr'>epime-</span> 
     </span>
     <span class='ocr_line' id='line_1_18' title="bbox 818 2771 1828 2846; baseline 0.002 -5"><span class='ocrx_word' id='word_1_132' title='bbox 818 2771 963 2846; x_wconf 76' lang='lat' dir='ltr'>lela</span> <span class='ocrx_word' id='word_1_133' title='bbox 997 2771 1259 2844; x_wconf 89' lang='lat' dir='ltr'>melius</span> <span class='ocrx_word' id='word_1_134' title='bbox 1298 2771 1828 2844; x_wconf 86' lang='lat' dir='ltr'>discernamus.</span> 
     </span>
    </p>
   </div>
   <div class='ocr_carea' id='block_1_4' title="bbox 828 3270 3284 3494">
    <p class='ocr_par' dir='ltr' id='par_1_5' title="bbox 828 3270 3284 3494">
     <span class='ocr_line' id='line_1_19' title="bbox 924 3270 3284 3368; baseline 0 -28"><span class='ocrx_word' id='word_1_135' title='bbox 924 3271 1037 3341; x_wconf 91' lang='lat' dir='ltr'>En</span> <span class='ocrx_word' id='word_1_136' title='bbox 1078 3270 1301 3343; x_wconf 88' lang='lat' dir='ltr'>habes</span> <span class='ocrx_word' id='word_1_137' title='bbox 1344 3272 1419 3342; x_wconf 89' lang='lat' dir='ltr'>in</span> <span class='ocrx_word' id='word_1_138' title='bbox 1462 3272 1985 3344; x_wconf 89' lang='lat' dir='ltr'>breuissimum</span> <span class='ocrx_word' id='word_1_139' title='bbox 2035 3272 2327 3343; x_wconf 83' lang='lat' dir='ltr'>redacta</span> <span class='ocrx_word' id='word_1_140' title='bbox 2381 3272 2628 3343; x_wconf 89' lang='lat' dir='ltr'>omnia</span> <span class='ocrx_word' id='word_1_141' title='bbox 2681 3297 2867 3368; x_wconf 90' lang='lat' dir='ltr'>quae</span> <span class='ocrx_word' id='word_1_142' title='bbox 2925 3271 3284 3364; x_wconf 82' lang='lat' dir='ltr'>hactenus</span> 
     </span>
     <span class='ocr_line' id='line_1_20' title="bbox 828 3394 1459 3494; baseline 0.003 -29"><span class='ocrx_word' id='word_1_143' title='bbox 828 3394 1193 3494; x_wconf 82' lang='lat' dir='ltr'>disputata</span> <span class='ocrx_word' id='word_1_144' title='bbox 1234 3407 1405 3468; x_wconf 88' lang='lat' dir='ltr'>sunt</span> <span class='ocrx_word' id='word_1_145' title='bbox 1445 3421 1459 3467; x_wconf 93' lang='lat'><strong>:</strong></span> 
     </span>
    </p>
   </div>
   <div class='ocr_carea' id='block_1_5' title="bbox 1839 3645 2283 3692">
    <p class='ocr_par' dir='ltr' id='par_1_6' title="bbox 1839 3645 2283 3692">
     <span class='ocr_line' id='line_1_21' title="bbox 1839 3645 2283 3692; baseline -0.007 0"><span class='ocrx_word' id='word_1_146' title='bbox 1839 3645 2283 3692; x_wconf 85' lang='lat' dir='ltr'><strong>SACERDOTES</strong></span> 
     </span>
    </p>
   </div>
   <div class='ocr_carea' id='block_1_6' title="bbox 896 3824 2942 4025">
    <p class='ocr_par' dir='ltr' id='par_1_7' title="bbox 896 3824 2942 4025">
     <span class='ocr_line' id='line_1_22' title="bbox 896 3824 2766 3913; baseline 0.002 -25"><span class='ocrx_word' id='word_1_147' title='bbox 896 3848 993 3889; x_wconf 88' lang='lat' dir='ltr'>ca.</span> <span class='ocrx_word' id='word_1_148' title='bbox 1035 3824 1117 3887; x_wconf 81' lang='grc'>50</span> <span class='ocrx_word' id='word_1_149' title='bbox 1189 3825 1553 3912; x_wconf 81' lang='grc' dir='ltr'>[Μελισσίων</span> <span class='ocrx_word' id='word_1_150' title='bbox 1586 3827 1886 3913; x_wconf 62' lang='grc' dir='ltr'>Λαιάδαῗ]</span> <span class='ocrx_word' id='word_1_151' title='bbox 1921 3865 2008 3873; x_wconf 90' lang='grc'>-·</span> <span class='ocrx_word' id='word_1_152' title='bbox 2040 3829 2125 3891; x_wconf 88' lang='grc' dir='ltr'>ΙΙ.</span> <span class='ocrx_word' id='word_1_153' title='bbox 2164 3829 2445 3909; x_wconf 85' lang='grc' dir='ltr'>Μέμμιος</span> <span class='ocrx_word' id='word_1_154' title='bbox 2482 3828 2766 3912; x_wconf 78' lang='grc' dir='ltr'>Σώτηρος</span> 
     </span>
     <span class='ocr_line' id='line_1_23' title="bbox 1263 3940 2942 4025; baseline 0.001 -21"><span class='ocrx_word' id='word_1_155' title='bbox 1263 3942 1334 4008; x_wconf 84' lang='grc' dir='ltr'>Γ.</span> <span class='ocrx_word' id='word_1_156' title='bbox 1381 3943 1662 4024; x_wconf 86' lang='grc' dir='ltr'>Μέμμιος</span> <span class='ocrx_word' id='word_1_157' title='bbox 1698 3945 2050 4025; x_wconf 71' lang='grc' dir='ltr'>Εὔθύδαμος</span> <span class='ocrx_word' id='word_1_158' title='bbox 2099 3979 2167 3989; x_wconf 83' lang='lat'>—</span> <span class='ocrx_word' id='word_1_159' title='bbox 2214 3944 2549 4019; x_wconf 70' lang='grc' dir='ltr'>Εὐκλείδας</span> <span class='ocrx_word' id='word_1_160' title='bbox 2592 3940 2942 4020; x_wconf 81' lang='grc' dir='ltr'>Ἀστοξένου</span> 
     </span>
    </p>
   </div>
   <div class='ocr_carea' id='block_1_7' title="bbox 881 4056 2936 4144">
    <p class='ocr_par' dir='ltr' id='par_1_8' title="bbox 881 4056 2936 4144">
     <span class='ocr_line' id='line_1_24' title="bbox 881 4056 2936 4144; baseline 0.001 -24"><span class='ocrx_word' id='word_1_161' title='bbox 881 4056 1135 4120; x_wconf 78' lang='grc'>85-120</span> <span class='ocrx_word' id='word_1_162' title='bbox 1260 4059 1331 4121; x_wconf 92' lang='grc' dir='ltr'>Γ.</span> <span class='ocrx_word' id='word_1_163' title='bbox 1377 4059 1659 4140; x_wconf 76' lang='grc' dir='ltr'>Μέμμιος</span> <span class='ocrx_word' id='word_1_164' title='bbox 1694 4060 2046 4140; x_wconf 73' lang='grc' dir='ltr'>Εὒθύέαμος</span> <span class='ocrx_word' id='word_1_165' title='bbox 2077 4096 2162 4105; x_wconf 87' lang='grc'>-</span> <span class='ocrx_word' id='word_1_166' title='bbox 2200 4060 2496 4144; x_wconf 82' lang='grc' dir='ltr'>Μέστριος</span> <span class='ocrx_word' id='word_1_167' title='bbox 2536 4059 2936 4142; x_wconf 78' lang='grc' dir='ltr'>Πλούταρχος</span> 
     </span>
    </p>
   </div>
   <div class='ocr_carea' id='block_1_8' title="bbox 1188 3941 1208 4257">
    <p class='ocr_par' dir='ltr' id='par_1_9' title="bbox 1188 3941 1208 4257">
     <span class='ocr_line' id='line_1_25' title="bbox 1188 3941 1208 4257; baseline 0 1386"><span class='ocrx_word' id='word_1_168' title='bbox 1188 3941 1208 4257; x_wconf 95' lang='lat' dir='ltr'> </span> 
     </span>
    </p>
   </div>
   <div class='ocr_carea' id='block_1_9' title="bbox 1482 4176 3049 4373">
    <p class='ocr_par' dir='ltr' id='par_1_10' title="bbox 1482 4176 3049 4373">
     <span class='ocr_line' id='line_1_26' title="bbox 1482 4176 2551 4259; baseline 0.003 -22"><span class='ocrx_word' id='word_1_169' title='bbox 1482 4176 1882 4259; x_wconf 79' lang='grc' dir='ltr'>Πλούταρχος</span> <span class='ocrx_word' id='word_1_170' title='bbox 2027 4216 2031 4220; x_wconf 81' lang='lat'><strong>.</strong></span> <span class='ocrx_word' id='word_1_171' title='bbox 2462 4212 2551 4219; x_wconf 85' lang='lat'>—-</span> 
     </span>
     <span class='ocr_line' id='line_1_27' title="bbox 1646 4290 3049 4373; baseline 0 -20"><span class='ocrx_word' id='word_1_172' title='bbox 1646 4327 1733 4334; x_wconf 89' lang='lat'>—</span> <span class='ocrx_word' id='word_1_173' title='bbox 2090 4328 2168 4335; x_wconf 96' lang='lat'><strong>—</strong></span> <span class='ocrx_word' id='word_1_174' title='bbox 2211 4290 2292 4354; x_wconf 87' lang='lat' dir='ltr'>A.</span> <span class='ocrx_word' id='word_1_175' title='bbox 2341 4290 2596 4366; x_wconf 75' lang='grc' dir='ltr'>Γέλλιος</span> <span class='ocrx_word' id='word_1_176' title='bbox 2634 4290 2982 4373; x_wconf 66' lang='grc' dir='ltr'>Ξεναγόρας</span> <span class='ocrx_word' id='word_1_177' title='bbox 3023 4290 3049 4352; x_wconf 92' lang='lat' dir='ltr'>I</span> 
     </span>
    </p>
   </div>
   <div class='ocr_carea' id='block_1_10' title="bbox 841 4287 2700 4491">
    <p class='ocr_par' dir='ltr' id='par_1_11' title="bbox 841 4287 2700 4491">
     <span class='ocr_line' id='line_1_28' title="bbox 841 4287 2700 4491; baseline 0.048 -45"><span class='ocrx_word' id='word_1_178' title='bbox 841 4344 1128 4409; x_wconf 59' lang='lat'><strong>120-130</strong></span> <span class='ocrx_word' id='word_1_179' title='bbox 1180 4287 1198 4472; x_wconf 57' lang='lat' dir='ltr'>i</span> <span class='ocrx_word' id='word_1_180' title='bbox 1249 4406 1330 4470; x_wconf 86' lang='grc' dir='ltr'>Λ.</span> <span class='ocrx_word' id='word_1_181' title='bbox 1363 4405 1619 4482; x_wconf 87' lang='grc' dir='ltr'>Γέλλιος</span> <span class='ocrx_word' id='word_1_182' title='bbox 1653 4406 1998 4491; x_wconf 52' lang='grc' dir='ltr'>Ξεναγόρας</span> <span class='ocrx_word' id='word_1_183' title='bbox 2033 4406 2173 4469; x_wconf 77' lang='lat' dir='ltr'>I—</span> <span class='ocrx_word' id='word_1_184' title='bbox 2621 4441 2700 4452; x_wconf 75' lang='lat'>—</span> 
     </span>
    </p>
   </div>
   <div class='ocr_carea' id='block_1_11' title="bbox 3647 0 3654 1059">
    <p class='ocr_par' dir='ltr' id='par_1_12' title="bbox 3647 0 3654 1059">
     <span class='ocr_line' id='line_1_29' title="bbox 3647 0 3654 1059; baseline 0 0"><span class='ocrx_word' id='word_1_185' title='bbox 3647 0 3654 1059; x_wconf 95' lang='lat' dir='ltr'> </span> 
     </span>
    </p>
   </div>
   <div class='ocr_carea' id='block_1_12' title="bbox 3648 0 3654 1509">
    <p class='ocr_par' dir='ltr' id='par_1_13' title="bbox 3648 0 3654 1509">
     <span class='ocr_line' id='line_1_30' title="bbox 3648 0 3654 1509; baseline 0 0"><span class='ocrx_word' id='word_1_186' title='bbox 3648 0 3654 1509; x_wconf 95' lang='lat' dir='ltr'> </span> 
     </span>
    </p>
   </div>
   <div class='ocr_carea' id='block_1_13' title="bbox 3650 2374 3651 3014">
    <p class='ocr_par' dir='ltr' id='par_1_14' title="bbox 3650 2374 3651 3014">
     <span class='ocr_line' id='line_1_31' title="bbox 3650 2374 3651 3014; baseline 0 0"><span class='ocrx_word' id='word_1_187' title='bbox 3650 2374 3651 3014; x_wconf 95' lang='lat' dir='ltr'> </span> 
     </span>
    </p>
   </div>
   <div class='ocr_carea' id='block_1_14' title="bbox 3634 3151 3652 3434">
    <p class='ocr_par' dir='ltr' id='par_1_15' title="bbox 3634 3151 3652 3434">
     <span class='ocr_line' id='line_1_32' title="bbox 3634 3151 3652 3434; textangle 90"><span class='ocrx_word' id='word_1_188' title='bbox 3634 3197 3652 3434; x_wconf 52' lang='lat' dir='ltr'>-fflan-</span> <span class='ocrx_word' id='word_1_189' title='bbox 3649 3151 3651 3164; x_wconf 26' lang='lat' dir='ltr'>u</span> 
     </span>
    </p>
   </div>
  </div>
 </body>
</html>
