3692 5643
1097 564 1183 609 DE
1237 562 1801 609 AMPHICTYONVM
1855 563 2263 609 EPIMELETIS
2813 540 2906 610 53

449 728 580 788 est.
647 720 1149 813 Augustorum
1203 716 1692 787 sacerdotium
1741 715 1815 786 in
1862 716 2122 813 primis
2172 716 2365 803 dico,
2423 744 2569 814 quo
2610 719 2905 790 functos

450 867 605 912 esse
635 840 1081 912 Cleandrum
1111 841 1159 929 ¹,
1182 840 1712 912 Cleomachum
1736 841 1789 929 2,
1824 839 2283 936 Megalinum
2312 843 2337 884 3
2364 851 2563 912 certo
2597 843 2895 915 sciinuS.

433 966 709 1062 *Nullus
762 975 1008 1035 autem
1070 964 1216 1035 iam
1287 973 1454 1062 post
1520 964 1932 1035 Domitiani
1968 974 2301 1062 tempora
2343 967 2709 1064 ἀρχιερεὺς
2760 972 2901 1039 τῶν

448 1090 827 1195 Σεβαστῶν
909 1098 1208 1169 uidetur
1245 1099 1681 1195 nuncupari.
1719 1098 2129 1169 Eubiotum
2168 1098 2193 1142 4
2226 1098 2420 1169 enim
2447 1100 2902 1171 sacerdotem

446 1224 953 1319 Augustorum
978 1223 1200 1293 fuisse
1218 1232 1503 1293 constat
1524 1222 1650 1293 sed
1674 1222 1866 1319 apud
1905 1222 1967 1291 Η
1979 1231 2357 1319 ypatanS‚
2387 1249 2532 1293 non
2560 1224 2895 1322 Delphis,

449 1347 838 1417 Praeterea
899 1345 1197 1417 Cassius
1255 1347 1609 1441 Petraeus
1673 1346 1935 1417 eodem
1986 1346 2288 1416 nomine
2339 1373 2485 1444 quo
2540 1347 2901 1420 Eubiotus

447 1470 810 1571 ἀρχιερεὺς
838 1471 944 1540 ἐπὶ
974 1483 1120 1552 τοῖς
1159 1461 1313 1541 δυσὶ
1357 1468 1720 1569 στεφάνοις
1759 1471 2163 1541 honoratus
2203 1480 2311 1541 est
2349 1471 2373 1514 5
2416 1481 2511 1560 et,
2558 1474 2900 1569 quamuis

446 1595 699 1665 titulus
740 1594 1049 1691 Delphis
1087 1605 1421 1665 exaratus
1457 1594 1574 1675 sit,
1619 1594 1815 1665 haud
1852 1595 2003 1665 scio
2049 1621 2141 1665 an
2182 1595 2496 1690 dignitas
2538 1597 2896 1692 quaedam

443 1718 640 1817 apud
684 1718 1109 1816 Hypataeos
1144 1718 1454 1815 insignis
1504 1719 1624 1790 hic
1670 1744 1966 1815 quoque
2010 1718 2462 1815 designetur.
2531 1722 2715 1791 Vtut
2754 1731 2889 1806 est,

445 1868 593 1912 non
651 1843 808 1913 hoo-
858 1843 1194 1913 conicere
1262 1842 1497 1913 audeo
1554 1825 2064 1939 Augustorum
2128 1843 2622 1914 sacerdotium
2689 1844 2898 1942 quasi

442 1966 857 2037 necessario
900 1966 1310 2064 epimeletis
1349 1967 1988 2065 Amphictyonum
2028 1967 2124 2036 ita
2169 1967 2631 2065 impertitum
2672 1969 2895 2040 fuisse

444 2101 522 2161 ut
561 2117 652 2161 ne
695 2117 878 2188 opus
910 2091 1208 2187 quidem
1252 2101 1442 2162 esset
1472 2091 1653 2161 illud
1700 2117 2116 2162 memorare
2157 2092 2768 2189 quotiescumque
2805 2092 2894 2164 de

440 2216 558 2285 his
616 2225 978 2311 ageretur.
1041 2215 1299 2286 Potius
1361 2242 1535 2286 sane
1622 2215 2093 2305 inferendum
2168 2216 2464 2287 uidetur
2530 2217 2662 2288 has
2714 2217 2893 2288 duas

442 2339 832 2435 dignitates
881 2366 1028 2409 non
1089 2339 1223 2410 rite
1283 2339 1359 2409 in
1414 2339 1787 2427 omnibus,
1851 2340 1979 2410 sed
2039 2341 2343 2411 fortasse
2401 2340 2476 2409 in
2518 2342 2893 2412 nonnullis

441 2463 868 2534 hominibus
936 2464 1366 2535 coniunctas
1435 2465 1786 2535 extitisse.
1856 2465 2076 2535 Plura
2153 2490 2331 2535 uero
2410 2464 2531 2536 hic
2597 2492 2891 2562 quoque

439 2588 709 2658 desunt
744 2615 966 2685 quam
996 2599 1072 2659 ut
1107 2588 1512 2686 quidquam
1544 2598 1818 2659 temere
1850 2589 2297 2660 adfirmetur.

540 2714 633 2783 Et
670 2714 911 2811 primo
950 2713 1298 2811 adspectu
1337 2712 1698 2784 hahemus
1738 2739 1870 2784 cur
1908 2714 2107 2784 idem
2144 2714 2479 2785 dicamus
2510 2715 2628 2785 uel
2650 2715 2890 2812 potius

441 2847 812 2908 taceamus
892 2838 980 2908 de
1065 2838 1190 2909 illa
1275 2837 1617 2908 ludorum
1704 2838 2313 2910 celebrandorum
2409 2866 2581 2910 cura
2667 2867 2888 2937 quam

439 2961 907 3059 ἀγωνοθεσίὰν
947 2969 1087 3034 τῶν
1122 2953 1405 3033 Πυθίων
1461 2961 1849 3033 uocabant.
1910 2963 2078 3034 Non
2141 2962 2337 3033 enim
2399 2990 2659 3034 omnes
2703 2990 2888 3061 quos

439 3086 785 3156 nouimus
826 3086 1258 3184 epimeletae
1309 3086 1529 3156 simul
1585 3086 2011 3185 ἀγωνοθέται
2069 3088 2531 3184 appellantur
2571 3090 2620 3158 6.
2673 3088 2886 3158 Adde

440 3209 638 3306 quod
682 3210 983 3308 plurimi
1025 3236 1277 3281 eorum
1330 3211 1458 3307 qui
1506 3211 1788 3306 origine
1841 3211 2340 3309 Nicopolitani
2412 3222 2621 3299 erant
2671 3212 2886 3283 ludos

441 3335 782 3405 Actiacos
824 3345 1039 3431 atque
1085 3335 1207 3405 alii
1253 3336 1435 3407 alios
1473 3346 1846 3423 rexerunt,
1902 3337 2005 3406 nil
2048 3362 2224 3406 uero
2265 3337 2407 3407 huc
2447 3338 2725 3408 faciunt
2762 3337 2887 3410 illa

437 3484 768 3529 munera.
824 3459 968 3531 Sed
1047 3485 1215 3531 cum
1282 3460 1548 3557 Pythia
1621 3459 2093 3557 imperatoria
2173 3471 2414 3531 aetate
2452 3461 2758 3531 maximi
2816 3472 2890 3546 et

509 3738 559 3787 1.
602 3736 762 3789 BCH
788 3737 886 3788 XX
908 3754 963 3807 p.
999 3738 1121 3804 710,
1156 3755 1211 3791 n.
1244 3737 1402 3790 3455.

508 3827 558 3879 2.
604 3825 751 3893 Syll.
788 3828 907 3880 372.

507 3916 555 3968 3.
599 3914 756 3966 BCH
781 3916 878 3965 XX
908 3932 962 3984 p.
994 3917 1116 3980 720,
1146 3933 1201 3968 n.
1236 3916 1393 3968 3959.

508 4004 557 4056 4.
604 4003 759 4056 BCH
780 4004 903 4055 XXI
937 4022 989 4074 p.
1031 4006 1151 4058 153.
1205 4004 1385 4056 Cuius
1436 4005 1589 4056 tituli
1635 4024 1688 4058 n.
1760 4007 1824 4056 10
1877 4021 2232 4075 praenomen
2280 4004 2525 4074 Δ[έκμ]ου
2570 4004 2881 4057 manifesto

437 4092 826 4162 supplendum
848 4099 957 4145 est.

508 4181 557 4233 5.
605 4181 885 4247 Pomtow,
919 4183 1215 4251 Beitraeye
1239 4201 1304 4234 z.-
1335 4183 1393 4236 T.
1428 4199 1478 4233 v.
1507 4182 1577 4235 D.
1608 4199 1663 4252 p.
1702 4184 1822 4234 122.

506 4271 556 4321 6.
601 4270 803 4339 Neque
853 4288 919 4321 ex
958 4272 1248 4322 contrario
1287 4271 1594 4323 adfirmare
1636 4271 1810 4322 uelim
1858 4288 2063 4323 omnes
2100 4271 2197 4339 qui
2243 4271 2545 4340 ἀγωνοθέται
2585 4270 2876 4337 dicuntur,

436 4374 488 4410 e.
523 4374 576 4427 g.
613 4355 902 4427 Αὐτάφιλον
933 4358 1059 4410 CIG
1092 4361 1242 4426 1717,
1278 4376 1481 4412 reuera
1514 4360 1858 4429 epimeletas
1890 4359 2092 4411 fuisse.
2571 4359 2574 4362 ’
