3692 5643
452 1580 459 1590 “
516 1571 593 1644 Si
648 1572 813 1670 quis
868 1555 1000 1670 per
1052 1571 1319 1643 rudera
1373 1571 1835 1669 Delphorum
1914 1599 2113 1645 nunc
2177 1574 2499 1646 fossione
2572 1583 2868 1673 peracta

416 1696 861 1785 deambulat,
912 1696 1057 1768 iam
1101 1695 1344 1793 primo
1400 1695 1750 1793 adspectu
1803 1722 1955 1767 non
1994 1707 2234 1795 potest
2273 1702 2864 1795 non'agnoscere

416 1847 639 1918 quam
679 1823 910 1892 multa
950 1820 1098 1921 sint
1119 1820 1317 1891 illius
1354 1821 1614 1892 aetatis
1654 1821 1966 1917 uestigia
2000 1848 2143 1919 qua
2185 1822 2501 1894 Romani
2547 1822 2866 1920 impera-

414 1955 609 2017 tores
640 1945 1028 2018 Graeciam
1076 1971 1365 2017 summa
1422 1955 1780 2043 potestate
1827 1946 2206 2043 regebant.
2256 1946 2615 2019 Consulto
2663 1947 2864 2018 enim

417 2096 674 2142 omnes
744 2069 1294 2141 aedificationes
1370 2070 1906 2167 praetermittat
1986 2097 2169 2168 quas
2248 2071 2324 2142 in
2407 2071 2866 2170 temporibus

414 2202 843 2301 Byzantinis
861 2213 1265 2274 exstructas
1288 2229 1444 2275 esse
1473 2203 1728 2300 liquet,
1754 2201 2034 2275 scilicet
2051 2202 2535 2302 ἀναλήμματα
2561 2205 2865 2303 pessimi

417 2319 705 2416 generis
773 2342 960 2417 quae
1010 2319 1081 2389 in
1135 2318 1483 2390 inferiore
1543 2319 1724 2391 sacri
1781 2318 2096 2417 periboli
2138 2331 2342 2417 parte
2398 2346 2617 2417 supra
2663 2320 2862 2392 uiam

417 2470 695 2516 sacram
734 2443 974 2514 adhuc
1010 2443 1604 2541 conspiciuntur3
1651 2453 1725 2514 et
1761 2444 2068 2515 miseras
2112 2445 2476 2541 rudesque
2517 2455 2866 2542 quattuor

414 2579 540 2639 aut
577 2568 904 2664 quinque
948 2567 1518 2638 christianorum
1544 2568 1960 2665 sepulturas
1982 2594 2171 2666 quae
2203 2568 2294 2640 ad
2332 2568 2657 2667 primum
2696 2569 2859 2640 uiae

413 2714 657 2763 sacrae
698 2691 1237 2789 ssexum,supra
1276 2691 1704 2762 thesaurum
1728 2691 2284 2789 Megarensibus
2322 2691 2852 2778 adiudicatum,

411 2826 660 2888 erutae
698 2825 905 2904 sunt;
953 2828 1023 2887 et
1057 2816 1435 2914 ingentem
1467 2817 1738 2888 molem
1769 2815 2423 2888 fundamentorum
2461 2800 2732 2914 quibus
2777 2816 2852 2890 S.

414 2941 698 3013 Nicolai
743 2941 1047 3012 ecclesia
1085 2940 1559 3028 fulciebatur3
1606 2951 1674 3012 et
1716 2939 2128 3012 latericium
2165 2967 2523 3038 aquarum
2556 2941 2859 3013 ductum

410 3091 630 3163 quem
663 3055 725 3135 e⁸
744 3065 1124 3137 Cassotide
1161 3064 1552 3136 defluxisse
1578 3065 1978 3136 uerisimile
2004 3076 2114 3136 est
2135 3091 2505 3163 quemque
2535 3065 2855 3150 diruere,

414 3198 492 3260 ut
525 3200 745 3287 caput
795 3190 1322 3286 thoracemque
1370 3189 1631 3260 ahenei
1684 3189 2008 3287 Aurigae
2056 3190 2589 3278 inueniremuS‚
2627 3191 2862 3261 coacti

413 3340 693 3385 sumus
730 3313 1149 3412 Suppetunt
1177 3314 1508 3411 profecto
1530 3339 1718 3410 quae
1753 3313 1972 3385 aetati
1996 3313 2459 3386 antecedenti
2483 3312 2860 3385 uindicare

411 3438 628 3510 nobis
686 3438 925 3510 liceat.
1013 3437 1349 3509 Primum
1422 3438 1544 3509 uia
1592 3463 1822 3524 sacra,
1889 3464 1930 3510 a
1969 3440 2211 3535 platea
2263 3438 2856 3535 undeoriginem

411 3572 614 3644 ducit
681 3583 898 3669 atque
972 3598 1012 3643 a
1093 3570 1442 3666 gradibus
1517 3570 1788 3668 quibus
1846 3571 2087 3643 adhuc
2143 3574 2472 3669 τεμένους
2523 3581 2857 3669 saeptum

409 3696 869 3795 ingredimur
899 3722 1132 3793 usque
1163 3695 1254 3767 ad
1294 3696 1518 3766 finem
1560 3704 1727 3766 ante
1764 3697 2024 3794 templi
2062 3697 2410 3785 frontem,
2449 3696 2854 3793 eademque
2931 3678 2936 3682 .

410 3821 533 3892 uia
572 3821 930 3918 producta
965 3846 1197 3917 usque
1242 3820 1329 3890 ad
1369 3820 1871 3919 opisthodomi
1924 3820 2271 3918 plateam,
2322 3821 2854 3917 imperatorum

410 3957 741 4042 tempore
799 3970 1031 4043 paene
1076 3954 1228 4017 tota
1275 3946 1546 4016 refecta
1604 3956 1735 4016 est.
1792 3944 2009 4028 Quod
2042 3954 2405 4017 testantur
2444 3945 2855 4042 permultae

409 4080 743 4170 ueterum
809 4071 1272 4141 saeculorum
1329 4068 1852 4166 inscriptiones
1932 4068 2201 4166 quibus
2274 4079 2640 4140 constrata
2714 4067 2849 4159 est,

407 4193 905 4265 dedicationes
959 4193 1239 4264 scilicet
1281 4202 1406 4264 aut
1447 4203 1916 4291 acceptarum
1956 4219 2595 4291 expensarumque
2636 4219 2857 4291 pecu-

405 4318 697 4391 niarum
738 4317 1056 4389 tabulae.
1096 4317 1262 4389 Huc
1302 4316 1589 4389 accedit
1631 4318 1829 4414 quod
1886 4328 2291 4413 statuarum
2337 4316 2550 4389 bases
2596 4344 2857 4408 secun·
2927 4328 2932 4334 ’

407 4442 592 4513 dumv
628 4442 829 4513 illam
882 4442 1082 4513 uiam
1142 4440 1442 4512 crebrae
1493 4453 1915 4530 occurrunt,
1967 4441 2042 4512 in
2098 4441 2373 4513 uicinia
2431 4442 2715 4540 templi,
2776 4453 2856 4515 ut
