3692 5643
897 800 988 873 52
1555 826 1644 874 DE
1697 826 2261 875 AMPmC'rYONVM
2314 826 2725 875 Brun-:Lens

1783 984 1863 1051 Oi
1913 983 2339 1070 Ἀμφικτύενες

1781 1111 1878 1166 τὶν
1916 1107 2279 1182 ἐπιμελητὴν

1693 1217 1782 1281 Μ.
1820 1217 2125 1302 Αὖρήλιον
2157 1216 2450 1282 Νικιάδαν

1692 1332 1963 1421 Σᾳὲύρευ
1999 1332 2409 1412 Νικεπολίτην

1686 1455 2214 1533 παραριθμήσαντα
2263 1448 2333 1513 τὰ
2380 1448 2506 1532 ἱερὰ

1688 1572 1969 1648 χρήματα
2008 1572 2111 1627 τῶι
2149 1559 2282 1644 μετ’
2312 1565 2484 1628 αὔτὶν

1868 1683 2243 1759 ἐπιμελητῆι.

991 1875 1023 1908 «
1088 1843 1363 1914 Iustam
1409 1843 1889 1942 pecuniarum
1946 1868 2314 1914 summam
2375 1843 2442 1914 ei
2492 1842 2621 1940 qui
2680 1843 2754 1914 in
2816 1845 3049 1941 ipsius
3095 1846 3344 1916 locum

887 1965 1325 2038 succedebat
1385 1966 1684 2038 tradidit
1741 1998 1806 2052 »‚
1866 1977 2016 2052 aut,
2072 1966 2272 2063 quod
2319 1966 2520 2037 idem
2581 1978 2717 2056 est,
2777 1969 3041 2039 aerarii
3090 1995 3341 2040 curam

883 2090 1164 2180 habuit,
1204 2101 1276 2162 et
1319 2091 1449 2162 Dei
1491 2117 1644 2162 rem
1685 2091 2178 2161 nummariam
2213 2091 2638 2187 reditusque
2663 2091 2854 2163 bene
2886 2092 3133 2189 gessit.
3175 2094 3339 2164 Non

885 2215 1084 2285 enim
1160 2240 1345 2314 opus
1416 2225 1527 2286 est
1586 2216 1980 2287 formulam
2081 2241 2267 2312 quae
2335 2215 2727 2312 aliquoties
2795 2216 3151 2314 inscripta
3236 2229 3343 2288 est

885 2345 961 2409 ἐκ
999 2343 1138 2411 τῶν
1170 2355 1295 2412 τοῦ
1335 2338 1489 2411 θεοῦ
1532 2338 1923 2438 χρημάτων
1959 2340 2075 2410 uel
2105 2330 2464 2437 προσόδων
2495 2339 2766 2436 ubique
2799 2340 3064 2436 legere.
3094 2341 3334 2412 Etiam

881 2463 1010 2534 ubi
1049 2490 1198 2534 non
1236 2464 1623 2561 reperitur,
1663 2464 1763 2535 ibi
1811 2490 1945 2562 pro
1982 2474 2181 2535 certo
2223 2463 2581 2535 habemus
2626 2490 2906 2535 sacram
2945 2466 3335 2562 pecuniam

881 2583 1086 2658 sacro
1127 2587 1462 2685 peribolo
1503 2588 1834 2659 ornando
1896 2600 1967 2659 et
2022 2588 2432 2685 reparando
2475 2588 2875 2659 adhibitam
2924 2615 3106 2659 esse.
3155 2589 3334 2660 Del-

879 2711 1044 2808 phis
1079 2711 1305 2806 igitur
1342 2721 1413 2781 et
1452 2711 1849 2783 substructi
1895 2712 2088 2783 muri
2140 2712 2570 2810 praesertim
2619 2712 2693 2782 in
2744 2701 3016 2783 uicinia
3051 2713 3324 2800 altariS,

881 2846 951 2906 et
1003 2837 1170 2907 fons
1232 2846 1304 2908 et
1365 2837 1487 2907 alii
1541 2837 1734 2907 muri
1786 2864 2012 2935 prope
2086 2824 2573 2925 Cassotidem,
2628 2848 2697 2908 et
2747 2837 3219 2935 bybliotheca
3264 2851 3333 2910 et

880 2960 1191 3058 Pythiae
1232 2960 1522 3050 domUS,
1570 2972 1642 3032 et
1687 2993 1717 3026 «
1762 2963 2234 3034 structorium
2290 2993 2322 3027 »
2359 2962 2539 3034 illud
2576 2961 2773 3058 quod
2811 2989 2885 3033 se
2923 2962 2994 3032 in
3020 2989 3330 3060 gymna-

877 3084 985 3155 sio
1025 3085 1433 3183 repperisse
1475 3085 1669 3156 haud
1711 3085 1869 3156 sine
1901 3112 2117 3158 causa
2149 3088 2232 3157 T.
2273 3086 2620 3157 Homolle
2653 3086 3050 3157 arbitratus
3088 3097 3221 3168 est,
3260 3097 3332 3158 et

877 3208 1297 3306 Aesculapii
1337 3209 1578 3297 aedes,
1636 3222 1704 3282 et
1763 3220 2043 3282 statuae
2111 3211 2470 3308 plurimae
2512 3207 3085 3308 imperatoribus
3123 3210 3331 3282 dedi-

875 3343 1074 3403 catae
1115 3334 1163 3418 ¹,
1205 3334 1452 3405 omnia
1492 3334 1810 3431 denique
1854 3335 1978 3406 illa
2018 3361 2243 3433 opera
2273 3361 2458 3431 quae
2491 3334 3081 3432 Amphictyones
3113 3361 3326 3433 pera-

871 3457 1107 3553 genda
1138 3457 1626 3529 decreuerunt
1653 3459 1988 3557 impensa
2022 3459 2389 3556 Apollinis
2429 3485 2561 3556 per
2598 3458 3066 3557 epimeletam
3110 3450 3325 3530 abso-

871 3582 1020 3653 luta
1060 3593 1255 3654 sunt.
1322 3586 1566 3680 Atque
1618 3583 1783 3654 ideo
1835 3583 2172 3681 delphica
2217 3584 2477 3654 ciuitas
2533 3583 3095 3680 perfrequenter
3151 3583 3323 3654 huic

871 3707 1326 3804 magistratui
1362 3707 1605 3779 addita
1632 3719 1740 3779 est
1765 3708 1961 3805 quod
1995 3707 2306 3805 pecunia
2340 3734 2427 3778 ex
2465 3708 2604 3778 Dei
2634 3707 2992 3778 thesauris
3026 3718 3322 3803 erogata

870 3856 1150 3902 sacram
1193 3830 1451 3902 urbem
1493 3832 1713 3903 simul
1754 3842 1824 3902 et
1864 3832 2242 3904 decorauit
2282 3842 2353 3902 et
2387 3832 2678 3903 ditauit.

966 3955 1266 4027 Talibus
1323 3966 1568 4026 autem
1630 3956 1853 4027 rebus
1914 3956 2189 4046 diutius
2241 3957 2622 4027 immorari
2682 3982 3320 4053 superuacaneum

867 4089 1082 4175 puto;
1119 4105 1290 4149 nam
1334 4078 1763 4176 epimeletae
1802 4058 2235 4176 potestatem
2276 4081 2537 4152 aerarii
2577 4079 3123 4177 dispensatione
3164 4106 3315 4150 non

866 4203 1332 4274 terminatam
1379 4203 1602 4275 fuisse
1659 4204 1873 4275 nobis
1937 4204 2208 4276 indicio
2260 4215 2425 4276 sunt
2476 4203 2993 4301 inscriptiones
3048 4202 3319 4301 quibus

867 4352 1035 4397 cum
1074 4327 1229 4399 eius
1272 4328 1486 4414 titulo
1525 4329 1856 4427 speciosa
1906 4329 2149 4425 aliqua
2190 4329 2509 4425 dignitas
2562 4328 2755 4399 haud
2793 4354 2960 4398 raro
3039 4354 3318 4399 conexa

939 4533 987 4584 1.
1032 4532 1114 4585 Cf.
1141 4533 1294 4584 tituli
1319 4532 1478 4586 BCH
1494 4533 1612 4599 XX,
1636 4551 1733 4604 pp.
1755 4534 1987 4585 719-724
2040 4533 2339 4604 descripti,
2361 4534 2573 4604 quibus
2588 4533 2872 4585 adiciatur
2893 4531 3312 4585 documentum

866 4619 1022 4672 BCII
1049 4619 1230 4672 XXIII
1264 4638 1319 4691 p.
1355 4622 1476 4675 574.
1549 4695 1552 4700 μ
