<?xml version="1.0" encoding="UTF-8"?>
<!DOCTYPE html PUBLIC "-//W3C//DTD XHTML 1.0 Transitional//EN"
    "http://www.w3.org/TR/xhtml1/DTD/xhtml1-transitional.dtd">
<html xmlns="http://www.w3.org/1999/xhtml" xml:lang="en" lang="en">
 <head>
  <title>
</title>
<meta http-equiv="Content-Type" content="text/html;charset=utf-8" />
  <meta name='ocr-system' content='tesseract 3.04.00' />
  <meta name='ocr-capabilities' content='ocr_page ocr_carea ocr_par ocr_line ocrx_word'/>
</head>
<body>
  <div class='ocr_page' id='page_1' title='image "./derebusdelphici01bourgoog_0019.png"; bbox 0 0 3692 5643; ppageno 0'>
   <div class='ocr_carea' id='block_1_1' title="bbox 1481 622 2895 691">
    <p class='ocr_par' dir='ltr' id='par_1_1' title="bbox 1481 622 2895 691">
     <span class='ocr_line' id='line_1_1' title="bbox 1481 622 2895 691; baseline 0.003 -5"><span class='ocrx_word' id='word_1_1' title='bbox 1481 640 1878 687; x_wconf 75' lang='lat' dir='ltr'><strong>PRAEFAno</strong></span> <span class='ocrx_word' id='word_1_2' title='bbox 2817 622 2846 689; x_wconf 87' lang='lat'><strong>1</strong></span> <span class='ocrx_word' id='word_1_3' title='bbox 2866 624 2895 691; x_wconf 87' lang='lat'><strong>1</strong></span> 
     </span>
    </p>
   </div>
   <div class='ocr_carea' id='block_1_2' title="bbox 456 791 2932 2634">
    <p class='ocr_par' dir='ltr' id='par_1_2' title="bbox 456 791 2932 2634">
     <span class='ocr_line' id='line_1_2' title="bbox 459 791 2910 893; baseline 0.002 -31"><span class='ocrx_word' id='word_1_4' title='bbox 459 801 719 890; x_wconf 87' lang='lat' dir='ltr'><strong>ectypa</strong></span> <span class='ocrx_word' id='word_1_5' title='bbox 759 818 904 863; x_wconf 91' lang='lat' dir='ltr'><strong>non</strong></span> <span class='ocrx_word' id='word_1_6' title='bbox 950 792 1267 889; x_wconf 88' lang='lat' dir='ltr'><strong>amplius</strong></span> <span class='ocrx_word' id='word_1_7' title='bbox 1299 792 1699 865; x_wconf 87' lang='lat' dir='ltr'><strong>sufficiunt.</strong></span> <span class='ocrx_word' id='word_1_8' title='bbox 1748 791 2192 890; x_wconf 81' lang='lat' dir='ltr'><strong>Priusquam</strong></span> <span class='ocrx_word' id='word_1_9' title='bbox 2222 792 2449 890; x_wconf 85' lang='lat' dir='ltr'><strong>igitur</strong></span> <span class='ocrx_word' id='word_1_10' title='bbox 2489 794 2580 865; x_wconf 87' lang='lat' dir='ltr'><strong>ad</strong></span> <span class='ocrx_word' id='word_1_11' title='bbox 2627 795 2910 893; x_wconf 85' lang='lat' dir='ltr'><strong>lapides</strong></span> 
     </span>
     <span class='ocr_line' id='line_1_3' title="bbox 458 916 2907 1017; baseline 0.002 -31"><span class='ocrx_word' id='word_1_12' title='bbox 458 916 656 1014; x_wconf 87' lang='lat' dir='ltr'><strong>ipsos</strong></span> <span class='ocrx_word' id='word_1_13' title='bbox 695 926 1052 1005; x_wconf 87' lang='lat' dir='ltr'><strong>reuertar,</strong></span> <span class='ocrx_word' id='word_1_14' title='bbox 1135 917 1566 1017; x_wconf 84' lang='lat' dir='ltr'><strong>complexus</strong></span> <span class='ocrx_word' id='word_1_15' title='bbox 1604 942 1767 987; x_wconf 91' lang='lat' dir='ltr'><strong>sum</strong></span> <span class='ocrx_word' id='word_1_16' title='bbox 1836 916 2016 1013; x_wconf 92' lang='lat' dir='ltr'><strong>quid</strong></span> <span class='ocrx_word' id='word_1_17' title='bbox 2067 917 2246 988; x_wconf 89' lang='lat' dir='ltr'><strong>certi</strong></span> <span class='ocrx_word' id='word_1_18' title='bbox 2304 917 2747 990; x_wconf 83' lang='lat' dir='ltr'><strong>haberemus</strong></span> <span class='ocrx_word' id='word_1_19' title='bbox 2818 920 2907 991; x_wconf 94' lang='lat' dir='ltr'><strong>de</strong></span> 
     </span>
     <span class='ocr_line' id='line_1_4' title="bbox 458 1039 2908 1139; baseline 0.002 -29"><span class='ocrx_word' id='word_1_20' title='bbox 458 1039 902 1138; x_wconf 86' lang='lat' dir='ltr'><strong>quibusdam</strong></span> <span class='ocrx_word' id='word_1_21' title='bbox 966 1039 1394 1111; x_wconf 88' lang='lat' dir='ltr'><strong>hominibus</strong></span> <span class='ocrx_word' id='word_1_22' title='bbox 1457 1051 1576 1112; x_wconf 86' lang='lat' dir='ltr'><strong>aut</strong></span> <span class='ocrx_word' id='word_1_23' title='bbox 1642 1039 1998 1111; x_wconf 88' lang='lat' dir='ltr'><strong>institutis</strong></span> <span class='ocrx_word' id='word_1_24' title='bbox 2065 1040 2391 1139; x_wconf 89' lang='lat' dir='ltr'><strong>quidque</strong></span> <span class='ocrx_word' id='word_1_25' title='bbox 2447 1043 2625 1113; x_wconf 91' lang='lat' dir='ltr'><strong>noui</strong></span> <span class='ocrx_word' id='word_1_26' title='bbox 2666 1042 2908 1115; x_wconf 90' lang='lat' dir='ltr'><strong>adfer-</strong></span> 
     </span>
     <span class='ocr_line' id='line_1_5' title="bbox 456 1163 2908 1264; baseline 0.002 -29"><span class='ocrx_word' id='word_1_27' title='bbox 456 1174 619 1235; x_wconf 90' lang='lat' dir='ltr'><strong>rent</strong></span> <span class='ocrx_word' id='word_1_28' title='bbox 691 1163 885 1235; x_wconf 86' lang='lat' dir='ltr'><strong>tituli</strong></span> <span class='ocrx_word' id='word_1_29' title='bbox 951 1190 1271 1261; x_wconf 90' lang='lat' dir='ltr'><strong>quorum</strong></span> <span class='ocrx_word' id='word_1_30' title='bbox 1345 1164 1818 1237; x_wconf 86' lang='lat' dir='ltr'><strong>disiectorum</strong></span> <span class='ocrx_word' id='word_1_31' title='bbox 1883 1164 2217 1236; x_wconf 90' lang='lat' dir='ltr'><strong>membra</strong></span> <span class='ocrx_word' id='word_1_32' title='bbox 2267 1191 2664 1264; x_wconf 81' lang='lat' dir='ltr'>congerere</span> <span class='ocrx_word' id='word_1_33' title='bbox 2723 1167 2908 1239; x_wconf 89' lang='lat' dir='ltr'><strong>mihi</strong></span> 
     </span>
     <span class='ocr_line' id='line_1_6' title="bbox 458 1287 2913 1389; baseline 0.002 -31"><span class='ocrx_word' id='word_1_34' title='bbox 458 1287 710 1360; x_wconf 87' lang='lat' dir='ltr'><strong>datum</strong></span> <span class='ocrx_word' id='word_1_35' title='bbox 742 1300 875 1360; x_wconf 90' lang='lat' dir='ltr'><strong>est.</strong></span> <span class='ocrx_word' id='word_1_36' title='bbox 925 1289 1415 1360; x_wconf 87' lang='lat' dir='ltr'><strong>Paruulorum</strong></span> <span class='ocrx_word' id='word_1_37' title='bbox 1466 1291 2049 1386; x_wconf 81' lang='lat' dir='ltr'><strong>fragmentorum</strong></span> <span class='ocrx_word' id='word_1_38' title='bbox 2082 1299 2302 1361; x_wconf 80' lang='lat' dir='ltr'><strong>restat</strong></span> <span class='ocrx_word' id='word_1_39' title='bbox 2351 1291 2594 1389; x_wconf 87' lang='lat' dir='ltr'><strong>ampla</strong></span> <span class='ocrx_word' id='word_1_40' title='bbox 2646 1291 2913 1363; x_wconf 91' lang='lat' dir='ltr'><strong>collec-</strong></span> 
     </span>
     <span class='ocr_line' id='line_1_7' title="bbox 458 1390 2905 1512; baseline 0.001 -27"><span class='ocrx_word' id='word_1_41' title='bbox 458 1413 559 1485; x_wconf 86' lang='lat' dir='ltr'><strong>tio</strong></span> <span class='ocrx_word' id='word_1_42' title='bbox 588 1439 602 1487; x_wconf 93' lang='lat'><strong>:</strong></span> <span class='ocrx_word' id='word_1_43' title='bbox 643 1414 923 1485; x_wconf 89' lang='lat' dir='ltr'><strong>utinam</strong></span> <span class='ocrx_word' id='word_1_44' title='bbox 953 1395 1331 1511; x_wconf 81' lang='lat' dir='ltr'><strong>contingat</strong></span> <span class='ocrx_word' id='word_1_45' title='bbox 1363 1439 1621 1484; x_wconf 89' lang='lat' dir='ltr'><strong>uerum</strong></span> <span class='ocrx_word' id='word_1_46' title='bbox 1644 1390 1865 1511; x_wconf 86' lang='lat' dir='ltr'><strong>quam</strong></span> <span class='ocrx_word' id='word_1_47' title='bbox 1891 1413 2233 1512; x_wconf 87' lang='lat' dir='ltr'><strong>plurimis</strong></span> <span class='ocrx_word' id='word_1_48' title='bbox 2272 1414 2594 1486; x_wconf 90' lang='lat' dir='ltr'><strong>tribuere</strong></span> <span class='ocrx_word' id='word_1_49' title='bbox 2623 1415 2905 1487; x_wconf 84' lang='lat' dir='ltr'><strong>locum!</strong></span> 
     </span>
     <span class='ocr_line' id='line_1_8' title="bbox 458 1537 2915 1637; baseline 0 -26"><span class='ocrx_word' id='word_1_50' title='bbox 458 1538 603 1611; x_wconf 90' lang='lat' dir='ltr'><strong>Sed</strong></span> <span class='ocrx_word' id='word_1_51' title='bbox 634 1537 950 1637; x_wconf 89' lang='lat' dir='ltr'><strong>parietes</strong></span> <span class='ocrx_word' id='word_1_52' title='bbox 989 1537 1366 1636; x_wconf 84' lang='lat' dir='ltr'><strong>delphicae</strong></span> <span class='ocrx_word' id='word_1_53' title='bbox 1398 1537 1624 1626; x_wconf 79' lang='lat' dir='ltr'><strong>aediS‚</strong></span> <span class='ocrx_word' id='word_1_54' title='bbox 1669 1538 1746 1608; x_wconf 88' lang='lat' dir='ltr'><strong>in</strong></span> <span class='ocrx_word' id='word_1_55' title='bbox 1779 1537 2049 1635; x_wconf 90' lang='lat' dir='ltr'><strong>quibus</strong></span> <span class='ocrx_word' id='word_1_56' title='bbox 2088 1538 2277 1610; x_wconf 89' lang='lat' dir='ltr'><strong>sicut</strong></span> <span class='ocrx_word' id='word_1_57' title='bbox 2326 1539 2480 1610; x_wconf 88' lang='lat' dir='ltr'><strong>dixi</strong></span> <span class='ocrx_word' id='word_1_58' title='bbox 2532 1549 2641 1610; x_wconf 86' lang='lat' dir='ltr'><strong>tot</strong></span> <span class='ocrx_word' id='word_1_59' title='bbox 2692 1539 2915 1611; x_wconf 92' lang='lat' dir='ltr'><strong>docu-</strong></span> 
     </span>
     <span class='ocr_line' id='line_1_9' title="bbox 462 1661 2912 1760; baseline -0 -25"><span class='ocrx_word' id='word_1_60' title='bbox 462 1673 710 1735; x_wconf 89' lang='lat' dir='ltr'><strong>menta</strong></span> <span class='ocrx_word' id='word_1_61' title='bbox 740 1674 950 1735; x_wconf 88' lang='lat' dir='ltr'><strong>erant</strong></span> <span class='ocrx_word' id='word_1_62' title='bbox 986 1662 1244 1750; x_wconf 83' lang='lat' dir='ltr'><strong>incisa,</strong></span> <span class='ocrx_word' id='word_1_63' title='bbox 1288 1689 1522 1760; x_wconf 89' lang='lat' dir='ltr'><strong>paene</strong></span> <span class='ocrx_word' id='word_1_64' title='bbox 1554 1661 1885 1733; x_wconf 88' lang='lat' dir='ltr'><strong>funditus</strong></span> <span class='ocrx_word' id='word_1_65' title='bbox 1920 1662 2161 1734; x_wconf 86' lang='lat' dir='ltr'><strong>euersi</strong></span> <span class='ocrx_word' id='word_1_66' title='bbox 2196 1673 2390 1736; x_wconf 77' lang='lat' dir='ltr'><strong>sunt.</strong></span> <span class='ocrx_word' id='word_1_67' title='bbox 2443 1665 2661 1735; x_wconf 82' lang='lat' dir='ltr'><strong>Forte</strong></span> <span class='ocrx_word' id='word_1_68' title='bbox 2717 1674 2912 1735; x_wconf 84' lang='lat' dir='ltr'><strong>extat</strong></span> 
     </span>
     <span class='ocr_line' id='line_1_10' title="bbox 461 1787 2911 1887; baseline 0 -28"><span class='ocrx_word' id='word_1_69' title='bbox 461 1814 651 1859; x_wconf 86' lang='lat' dir='ltr'><strong>unus</strong></span> <span class='ocrx_word' id='word_1_70' title='bbox 690 1799 815 1860; x_wconf 84' lang='lat' dir='ltr'><strong>aut</strong></span> <span class='ocrx_word' id='word_1_71' title='bbox 854 1788 1034 1858; x_wconf 88' lang='lat' dir='ltr'><strong>alter</strong></span> <span class='ocrx_word' id='word_1_72' title='bbox 1081 1787 1267 1885; x_wconf 91' lang='lat' dir='ltr'><strong>lapis</strong></span> <span class='ocrx_word' id='word_1_73' title='bbox 1303 1788 1629 1884; x_wconf 80' lang='lat' dir='ltr'><strong>integer3</strong></span> <span class='ocrx_word' id='word_1_74' title='bbox 1676 1787 2111 1886; x_wconf 89' lang='lat' dir='ltr'><strong>plerumque</strong></span> <span class='ocrx_word' id='word_1_75' title='bbox 2153 1787 2241 1858; x_wconf 92' lang='lat' dir='ltr'><strong>de</strong></span> <span class='ocrx_word' id='word_1_76' title='bbox 2288 1787 2539 1859; x_wconf 88' lang='lat' dir='ltr'><strong>multis</strong></span> <span class='ocrx_word' id='word_1_77' title='bbox 2570 1814 2911 1887; x_wconf 86' lang='lat' dir='ltr'><strong>permag-</strong></span> 
     </span>
     <span class='ocr_line' id='line_1_11' title="bbox 461 1911 2914 2010; baseline -0 -26"><span class='ocrx_word' id='word_1_78' title='bbox 461 1914 721 2009; x_wconf 88' lang='lat' dir='ltr'><strong>nisque</strong></span> <span class='ocrx_word' id='word_1_79' title='bbox 798 1912 993 1984; x_wconf 83' lang='lat' dir='ltr'><strong>saxis</strong></span> <span class='ocrx_word' id='word_1_80' title='bbox 1076 1911 1451 2010; x_wconf 87' lang='lat' dir='ltr'><strong>quadratis</strong></span> <span class='ocrx_word' id='word_1_81' title='bbox 1521 1938 1707 2008; x_wconf 92' lang='lat' dir='ltr'><strong>quae</strong></span> <span class='ocrx_word' id='word_1_82' title='bbox 1802 1911 2186 1984; x_wconf 88' lang='lat' dir='ltr'><strong>meridiem</strong></span> <span class='ocrx_word' id='word_1_83' title='bbox 2253 1936 2511 1984; x_wconf 91' lang='lat' dir='ltr'><strong>uersus</strong></span> <span class='ocrx_word' id='word_1_84' title='bbox 2579 1912 2914 2008; x_wconf 86' lang='lat' dir='ltr'><strong>grauiore</strong></span> 
     </span>
     <span class='ocr_line' id='line_1_12' title="bbox 459 2035 2915 2137; baseline -0.001 -27"><span class='ocrx_word' id='word_1_85' title='bbox 459 2040 667 2137; x_wconf 90' lang='lat' dir='ltr'><strong>lapsu</strong></span> <span class='ocrx_word' id='word_1_86' title='bbox 708 2036 1138 2110; x_wconf 90' lang='lat' dir='ltr'><strong>ceciderunt</strong></span> <span class='ocrx_word' id='word_1_87' title='bbox 1168 2046 1470 2135; x_wconf 89' lang='lat' dir='ltr'><strong>propter</strong></span> <span class='ocrx_word' id='word_1_88' title='bbox 1503 2036 2067 2108; x_wconf 87' lang='lat' dir='ltr'><strong>fundamentum</strong></span> <span class='ocrx_word' id='word_1_89' title='bbox 2105 2037 2240 2108; x_wconf 91' lang='lat' dir='ltr'><strong>hac</strong></span> <span class='ocrx_word' id='word_1_90' title='bbox 2287 2046 2492 2135; x_wconf 89' lang='lat' dir='ltr'><strong>parte</strong></span> <span class='ocrx_word' id='word_1_91' title='bbox 2537 2035 2915 2108; x_wconf 86' lang='lat' dir='ltr'><strong>derectum</strong></span> 
     </span>
     <span class='ocr_line' id='line_1_13' title="bbox 466 2160 2915 2261; baseline -0.001 -28"><span class='ocrx_word' id='word_1_92' title='bbox 466 2174 540 2235; x_wconf 92' lang='lat' dir='ltr'><strong>et</strong></span> <span class='ocrx_word' id='word_1_93' title='bbox 586 2188 966 2261; x_wconf 80' lang='lat' dir='ltr'><strong>praecePS‚</strong></span> <span class='ocrx_word' id='word_1_94' title='bbox 1025 2163 1338 2233; x_wconf 87' lang='lat' dir='ltr'><strong>frustula</strong></span> <span class='ocrx_word' id='word_1_95' title='bbox 1410 2172 1805 2260; x_wconf 79' lang='lat' dir='ltr'><strong>supersunt</strong></span> <span class='ocrx_word' id='word_1_96' title='bbox 1871 2160 2141 2258; x_wconf 90' lang='lat' dir='ltr'><strong>quibus</strong></span> <span class='ocrx_word' id='word_1_97' title='bbox 2215 2161 2494 2258; x_wconf 80' lang='lat' dir='ltr'><strong>aliquot</strong></span> <span class='ocrx_word' id='word_1_98' title='bbox 2565 2187 2915 2233; x_wconf 89' lang='lat' dir='ltr'><strong>uersuum</strong></span> 
     </span>
     <span class='ocr_line' id='line_1_14' title="bbox 463 2285 2932 2384; baseline -0 -27"><span class='ocrx_word' id='word_1_99' title='bbox 463 2287 760 2359; x_wconf 88' lang='lat' dir='ltr'><strong>initium</strong></span> <span class='ocrx_word' id='word_1_100' title='bbox 812 2296 938 2358; x_wconf 87' lang='lat' dir='ltr'><strong>aut</strong></span> <span class='ocrx_word' id='word_1_101' title='bbox 997 2286 1189 2375; x_wconf 83' lang='lat' dir='ltr'><strong>finis,</strong></span> <span class='ocrx_word' id='word_1_102' title='bbox 1272 2285 1729 2383; x_wconf 87' lang='lat' dir='ltr'><strong>frequentius</strong></span> <span class='ocrx_word' id='word_1_103' title='bbox 1787 2285 2008 2357; x_wconf 85' lang='lat' dir='ltr'><strong>etiam</strong></span> <span class='ocrx_word' id='word_1_104' title='bbox 2081 2285 2565 2384; x_wconf 82' lang='lat' dir='ltr'><strong>paucissimae</strong></span> <span class='ocrx_word' id='word_1_105' title='bbox 2629 2285 2932 2356; x_wconf 82' lang='lat' dir='ltr'><strong>litterae</strong></span> 
     </span>
     <span class='ocr_line' id='line_1_15' title="bbox 468 2410 2915 2511; baseline -0.001 -27"><span class='ocrx_word' id='word_1_106' title='bbox 468 2422 881 2484; x_wconf 87' lang='lat' dir='ltr'><strong>asseruatae</strong></span> <span class='ocrx_word' id='word_1_107' title='bbox 944 2422 1137 2496; x_wconf 83' lang='lat' dir='ltr'><strong>sunt.</strong></span> <span class='ocrx_word' id='word_1_108' title='bbox 1203 2412 1315 2482; x_wconf 92' lang='lat' dir='ltr'><strong>De</strong></span> <span class='ocrx_word' id='word_1_109' title='bbox 1378 2410 1628 2481; x_wconf 88' lang='lat' dir='ltr'><strong>labore</strong></span> <span class='ocrx_word' id='word_1_110' title='bbox 1683 2421 1938 2511; x_wconf 80' lang='lat' dir='ltr'><strong>nostro</strong></span> <span class='ocrx_word' id='word_1_111' title='bbox 1986 2410 2251 2481; x_wconf 91' lang='lat' dir='ltr'><strong>melius</strong></span> <span class='ocrx_word' id='word_1_112' title='bbox 2305 2410 2611 2482; x_wconf 88' lang='lat' dir='ltr'><strong>fortasse</strong></span> <span class='ocrx_word' id='word_1_113' title='bbox 2694 2435 2915 2506; x_wconf 86' lang='lat' dir='ltr'><strong>quam</strong></span> 
     </span>
     <span class='ocr_line' id='line_1_16' title="bbox 464 2533 2920 2634; baseline -0.002 -26"><span class='ocrx_word' id='word_1_114' title='bbox 464 2537 553 2609; x_wconf 98' lang='lat' dir='ltr'><strong>de</strong></span> <span class='ocrx_word' id='word_1_115' title='bbox 618 2536 884 2634; x_wconf 92' lang='lat' dir='ltr'><strong>quouis</strong></span> <span class='ocrx_word' id='word_1_116' title='bbox 948 2536 1092 2607; x_wconf 93' lang='lat' dir='ltr'><strong>alio</strong></span> <span class='ocrx_word' id='word_1_117' title='bbox 1165 2546 1237 2607; x_wconf 93' lang='lat' dir='ltr'><strong>et</strong></span> <span class='ocrx_word' id='word_1_118' title='bbox 1315 2535 1583 2606; x_wconf 81' lang='lat' dir='ltr'><strong>nostris</strong></span> <span class='ocrx_word' id='word_1_119' title='bbox 1672 2560 1895 2631; x_wconf 87' lang='lat' dir='ltr'><strong>quam</strong></span> <span class='ocrx_word' id='word_1_120' title='bbox 1992 2534 2370 2606; x_wconf 87' lang='lat' dir='ltr'><strong>Plutarchi</strong></span> <span class='ocrx_word' id='word_1_121' title='bbox 2457 2533 2920 2631; x_wconf 88' lang='lat' dir='ltr'><strong>temporibus</strong></span> 
     </span>
    </p>
   </div>
   <div class='ocr_carea' id='block_1_3' title="bbox 467 2660 2925 4408">
    <p class='ocr_par' dir='ltr' id='par_1_3' title="bbox 467 2660 2924 4039">
     <span class='ocr_line' id='line_1_17' title="bbox 468 2660 2919 2767; baseline -0.003 -22"><span class='ocrx_word' id='word_1_122' title='bbox 468 2671 884 2745; x_wconf 88' lang='lat' dir='ltr'><strong>Heraclitea</strong></span> <span class='ocrx_word' id='word_1_123' title='bbox 915 2671 1042 2742; x_wconf 91' lang='lat' dir='ltr'><strong>illa</strong></span> <span class='ocrx_word' id='word_1_124' title='bbox 1079 2669 1305 2741; x_wconf 88' lang='lat' dir='ltr'><strong>uerba</strong></span> <span class='ocrx_word' id='word_1_125' title='bbox 1336 2668 1754 2767; x_wconf 87' lang='lat' dir='ltr'><strong>usurpanda</strong></span> <span class='ocrx_word' id='word_1_126' title='bbox 1793 2678 1965 2740; x_wconf 90' lang='lat' dir='ltr'><strong>sunt</strong></span> <span class='ocrx_word' id='word_1_127' title='bbox 1997 2693 2011 2740; x_wconf 75' lang='grc' dir='ltr'>ε</span> <span class='ocrx_word' id='word_1_128' title='bbox 2062 2677 2095 2740; x_wconf 79' lang='grc' dir='ltr'>ὁ</span> <span class='ocrx_word' id='word_1_129' title='bbox 2135 2660 2304 2750; x_wconf 84' lang='grc' dir='ltr'>ἄναξ</span> <span class='ocrx_word' id='word_1_130' title='bbox 2349 2667 2427 2739; x_wconf 82' lang='grc' dir='ltr'><strong>οὔ</strong></span> <span class='ocrx_word' id='word_1_131' title='bbox 2468 2670 2548 2740; x_wconf 69' lang='grc' dir='ltr'><strong>τὸ</strong></span> <span class='ocrx_word' id='word_1_132' title='bbox 2597 2666 2919 2764; x_wconf 76' lang='grc' dir='ltr'>μαντεῖόν</span> 
     </span>
     <span class='ocr_line' id='line_1_18' title="bbox 467 2793 2913 2904; baseline -0.003 -25"><span class='ocrx_word' id='word_1_133' title='bbox 467 2815 613 2881; x_wconf 86' lang='grc' dir='ltr'>ἐστι</span> <span class='ocrx_word' id='word_1_134' title='bbox 651 2804 731 2880; x_wconf 79' lang='grc' dir='ltr'><strong>τὸ</strong></span> <span class='ocrx_word' id='word_1_135' title='bbox 791 2813 859 2878; x_wconf 80' lang='grc' dir='ltr'><strong>ἐν</strong></span> <span class='ocrx_word' id='word_1_136' title='bbox 907 2793 1427 2904; x_wconf 46' lang='grc' dir='ltr'>Δελφοῖς”·οὔτε</span> <span class='ocrx_word' id='word_1_137' title='bbox 1471 2801 1663 2900; x_wconf 82' lang='grc' dir='ltr'>λέγει</span> <span class='ocrx_word' id='word_1_138' title='bbox 1703 2804 1865 2876; x_wconf 76' lang='grc' dir='ltr'>οὔτε</span> <span class='ocrx_word' id='word_1_139' title='bbox 1919 2801 2237 2900; x_wconf 82' lang='grc' dir='ltr'>κρύπτει,</span> <span class='ocrx_word' id='word_1_140' title='bbox 2302 2798 2497 2873; x_wconf 85' lang='grc' dir='ltr'>ἀλλὰ</span> <span class='ocrx_word' id='word_1_141' title='bbox 2562 2798 2913 2898; x_wconf 82' lang='grc' dir='ltr'>σημαίνει,</span> 
     </span>
     <span class='ocr_line' id='line_1_19' title="bbox 473 2918 2640 3033; baseline -0.004 -21"><span class='ocrx_word' id='word_1_142' title='bbox 473 2941 649 3012; x_wconf 90' lang='lat' dir='ltr'><strong>dum</strong></span> <span class='ocrx_word' id='word_1_143' title='bbox 691 2939 877 3012; x_wconf 89' lang='lat' dir='ltr'><strong>mihi</strong></span> <span class='ocrx_word' id='word_1_144' title='bbox 906 2939 1125 3011; x_wconf 87' lang='lat' dir='ltr'><strong>liceat</strong></span> <span class='ocrx_word' id='word_1_145' title='bbox 1166 2937 1432 3009; x_wconf 88' lang='lat' dir='ltr'><strong>addere</strong></span> <span class='ocrx_word' id='word_1_146' title='bbox 1473 2963 1487 3009; x_wconf 92' lang='lat'><strong>:</strong></span> <span class='ocrx_word' id='word_1_147' title='bbox 1534 2918 1651 3008; x_wconf 64' lang='lat' dir='ltr'><strong>mi</strong></span> <span class='ocrx_word' id='word_1_148' title='bbox 1722 2939 1803 3009; x_wconf 74' lang='grc' dir='ltr'><strong>τὸ</strong></span> <span class='ocrx_word' id='word_1_149' title='bbox 1864 2943 2060 3033; x_wconf 76' lang='grc' dir='ltr'>σῆμα</span> <span class='ocrx_word' id='word_1_150' title='bbox 2106 2927 2358 3019; x_wconf 84' lang='grc' dir='ltr'>Λοξίου</span> <span class='ocrx_word' id='word_1_151' title='bbox 2428 2928 2640 3018; x_wconf 82' lang='grc' dir='ltr'><strong>ἄξιον.</strong></span> 
     </span>
     <span class='ocr_line' id='line_1_20' title="bbox 472 3039 2919 3160; baseline -0.003 -22"><span class='ocrx_word' id='word_1_152' title='bbox 472 3065 479 3068; x_wconf 59' lang='grc'>’</span> <span class='ocrx_word' id='word_1_153' title='bbox 568 3039 839 3138; x_wconf 88' lang='lat' dir='ltr'><strong>Omnia</strong></span> <span class='ocrx_word' id='word_1_154' title='bbox 895 3064 1120 3160; x_wconf 85' lang='lat' dir='ltr'><strong>igitur</strong></span> <span class='ocrx_word' id='word_1_155' title='bbox 1178 3061 1549 3134; x_wconf 88' lang='lat' dir='ltr'><strong>enucleari</strong></span> <span class='ocrx_word' id='word_1_156' title='bbox 1612 3086 1824 3159; x_wconf 90' lang='lat' dir='ltr'><strong>posse</strong></span> <span class='ocrx_word' id='word_1_157' title='bbox 1877 3086 2095 3131; x_wconf 92' lang='lat' dir='ltr'><strong>nemo</strong></span> <span class='ocrx_word' id='word_1_158' title='bbox 2151 3069 2420 3157; x_wconf 86' lang='lat' dir='ltr'><strong>sperat.</strong></span> <span class='ocrx_word' id='word_1_159' title='bbox 2472 3058 2663 3131; x_wconf 88' lang='lat' dir='ltr'><strong>Satis</strong></span> <span class='ocrx_word' id='word_1_160' title='bbox 2718 3084 2919 3130; x_wconf 92' lang='lat' dir='ltr'><strong>nunc</strong></span> 
     </span>
     <span class='ocr_line' id='line_1_21' title="bbox 468 3181 2921 3287; baseline -0.004 -25"><span class='ocrx_word' id='word_1_161' title='bbox 468 3191 769 3287; x_wconf 91' lang='lat' dir='ltr'><strong>quidem</strong></span> <span class='ocrx_word' id='word_1_162' title='bbox 807 3188 1101 3261; x_wconf 90' lang='lat' dir='ltr'><strong>habebo</strong></span> <span class='ocrx_word' id='word_1_163' title='bbox 1132 3186 1195 3258; x_wconf 91' lang='lat' dir='ltr'><strong>si</strong></span> <span class='ocrx_word' id='word_1_164' title='bbox 1242 3188 1556 3258; x_wconf 89' lang='lat' dir='ltr'><strong>attulero</strong></span> <span class='ocrx_word' id='word_1_165' title='bbox 1610 3211 1796 3283; x_wconf 89' lang='lat' dir='ltr'><strong>quae</strong></span> <span class='ocrx_word' id='word_1_166' title='bbox 1848 3183 1938 3255; x_wconf 90' lang='lat' dir='ltr'><strong>ad</strong></span> <span class='ocrx_word' id='word_1_167' title='bbox 2004 3183 2296 3282; x_wconf 90' lang='lat' dir='ltr'><strong>planius</strong></span> <span class='ocrx_word' id='word_1_168' title='bbox 2332 3181 2921 3280; x_wconf 85' lang='lat' dir='ltr'><strong>cognoscendam</strong></span> 
     </span>
     <span class='ocr_line' id='line_1_22' title="bbox 468 3305 2920 3407; baseline -0.004 -19"><span class='ocrx_word' id='word_1_169' title='bbox 468 3326 778 3388; x_wconf 82' lang='lat' dir='ltr'><strong>aetatem</strong></span> <span class='ocrx_word' id='word_1_170' title='bbox 831 3312 1057 3385; x_wconf 90' lang='lat' dir='ltr'><strong>animi</strong></span> <span class='ocrx_word' id='word_1_171' title='bbox 1110 3311 1548 3383; x_wconf 86' lang='lat' dir='ltr'><strong>aduersione</strong></span> <span class='ocrx_word' id='word_1_172' title='bbox 1593 3307 2104 3407; x_wconf 86' lang='lat' dir='ltr'><strong>dignissimam</strong></span> <span class='ocrx_word' id='word_1_173' title='bbox 2169 3307 2379 3379; x_wconf 82' lang='lat' dir='ltr'><strong>utilia</strong></span> <span class='ocrx_word' id='word_1_174' title='bbox 2429 3332 2585 3378; x_wconf 84' lang='lat' dir='ltr'><strong>esse</strong></span> <span class='ocrx_word' id='word_1_175' title='bbox 2618 3305 2920 3378; x_wconf 91' lang='lat' dir='ltr'><strong>uidean-</strong></span> 
     </span>
     <span class='ocr_line' id='line_1_23' title="bbox 467 3425 2919 3530; baseline -0.004 -19"><span class='ocrx_word' id='word_1_176' title='bbox 467 3451 612 3513; x_wconf 86' lang='lat' dir='ltr'><strong>tur.</strong></span> <span class='ocrx_word' id='word_1_177' title='bbox 669 3438 1195 3524; x_wconf 82' lang='lat' dir='ltr'><strong>Quaestionem</strong></span> <span class='ocrx_word' id='word_1_178' title='bbox 1244 3445 1438 3507; x_wconf 85' lang='lat' dir='ltr'><strong>certe</strong></span> <span class='ocrx_word' id='word_1_179' title='bbox 1492 3433 1876 3505; x_wconf 80' lang='lat' dir='ltr'><strong>instituere</strong></span> <span class='ocrx_word' id='word_1_180' title='bbox 1942 3425 2033 3504; x_wconf 63' lang='lat' dir='ltr'><strong>d&#39;e</strong></span> <span class='ocrx_word' id='word_1_181' title='bbox 2099 3431 2413 3530; x_wconf 90' lang='lat' dir='ltr'><strong>Delphis</strong></span> <span class='ocrx_word' id='word_1_182' title='bbox 2454 3431 2716 3503; x_wconf 62' lang='lat' dir='ltr'><strong>&gt;denuo</strong></span> <span class='ocrx_word' id='word_1_183' title='bbox 2783 3429 2919 3501; x_wconf 87' lang='lat' dir='ltr'><strong>sub</strong></span> 
     </span>
     <span class='ocr_line' id='line_1_24' title="bbox 468 3555 2924 3663; baseline -0.005 -25"><span class='ocrx_word' id='word_1_184' title='bbox 468 3568 688 3638; x_wconf 86' lang='lat' dir='ltr'><strong>finem</strong></span> <span class='ocrx_word' id='word_1_185' title='bbox 705 3564 974 3663; x_wconf 89' lang='lat' dir='ltr'><strong>prioris</strong></span> <span class='ocrx_word' id='word_1_186' title='bbox 1010 3559 1279 3634; x_wconf 86' lang='lat' dir='ltr'><strong>saeculi</strong></span> <span class='ocrx_word' id='word_1_187' title='bbox 1305 3560 1685 3656; x_wconf 86' lang='lat' dir='ltr'><strong>magisque</strong></span> <span class='ocrx_word' id='word_1_188' title='bbox 1716 3559 1791 3629; x_wconf 92' lang='lat' dir='ltr'><strong>in</strong></span> <span class='ocrx_word' id='word_1_189' title='bbox 1824 3558 2070 3656; x_wconf 89' lang='lat' dir='ltr'><strong>priore</strong></span> <span class='ocrx_word' id='word_1_190' title='bbox 2087 3555 2386 3628; x_wconf 90' lang='lat' dir='ltr'><strong>alterius</strong></span> <span class='ocrx_word' id='word_1_191' title='bbox 2417 3566 2620 3653; x_wconf 88' lang='lat' dir='ltr'><strong>parte</strong></span> <span class='ocrx_word' id='word_1_192' title='bbox 2658 3556 2924 3626; x_wconf 90' lang='lat' dir='ltr'><strong>floren-</strong></span> 
     </span>
     <span class='ocr_line' id='line_1_25' title="bbox 469 3678 2920 3787; baseline -0.006 -24"><span class='ocrx_word' id='word_1_193' title='bbox 469 3690 666 3764; x_wconf 87' lang='lat' dir='ltr'><strong>tibus</strong></span> <span class='ocrx_word' id='word_1_194' title='bbox 689 3700 763 3761; x_wconf 90' lang='lat' dir='ltr'><strong>et</strong></span> <span class='ocrx_word' id='word_1_195' title='bbox 791 3687 1198 3787; x_wconf 87' lang='lat' dir='ltr'><strong>specimina</strong></span> <span class='ocrx_word' id='word_1_196' title='bbox 1213 3685 1495 3782; x_wconf 88' lang='lat' dir='ltr'><strong>aliquot</strong></span> <span class='ocrx_word' id='word_1_197' title='bbox 1514 3683 1923 3766; x_wconf 86' lang='lat' dir='ltr'><strong>certissima</strong></span> <span class='ocrx_word' id='word_1_198' title='bbox 1939 3680 2291 3780; x_wconf 89' lang='lat' dir='ltr'><strong>praebere</strong></span> <span class='ocrx_word' id='word_1_199' title='bbox 2304 3706 2438 3778; x_wconf 91' lang='lat' dir='ltr'><strong>per</strong></span> <span class='ocrx_word' id='word_1_200' title='bbox 2454 3679 2599 3750; x_wconf 89' lang='lat' dir='ltr'><strong>duo</strong></span> <span class='ocrx_word' id='word_1_201' title='bbox 2615 3678 2920 3750; x_wconf 91' lang='lat' dir='ltr'><strong>huiusce</strong></span> 
     </span>
     <span class='ocr_line' id='line_1_26' title="bbox 472 3802 2919 3912; baseline -0.006 -25"><span class='ocrx_word' id='word_1_202' title='bbox 472 3814 700 3887; x_wconf 90' lang='lat' dir='ltr'><strong>libelli</strong></span> <span class='ocrx_word' id='word_1_203' title='bbox 738 3813 974 3912; x_wconf 87' lang='lat' dir='ltr'><strong>capita</strong></span> <span class='ocrx_word' id='word_1_204' title='bbox 1007 3810 1415 3909; x_wconf 85' lang='lat' dir='ltr'><strong>aggrediar.</strong></span> <span class='ocrx_word' id='word_1_205' title='bbox 1468 3808 1801 3892; x_wconf 91' lang='lat' dir='ltr'><strong>Quorum</strong></span> <span class='ocrx_word' id='word_1_206' title='bbox 1843 3832 2209 3878; x_wconf 88' lang='lat' dir='ltr'><strong>summam</strong></span> <span class='ocrx_word' id='word_1_207' title='bbox 2265 3805 2511 3876; x_wconf 82' lang='lat' dir='ltr'><strong>statim</strong></span> <span class='ocrx_word' id='word_1_208' title='bbox 2579 3802 2919 3875; x_wconf 86' lang='lat' dir='ltr'><strong>inuenias</strong></span> 
     </span>
     <span class='ocr_line' id='line_1_27' title="bbox 471 3949 782 4039; baseline -0.003 -27"><span class='ocrx_word' id='word_1_209' title='bbox 471 3949 782 4039; x_wconf 87' lang='lat' dir='ltr'><strong>oportet.</strong></span> 
     </span>
    </p>

    <p class='ocr_par' dir='ltr' id='par_1_4' title="bbox 471 4052 2925 4408">
     <span class='ocr_line' id='line_1_28' title="bbox 568 4052 2925 4161; baseline -0.006 -25"><span class='ocrx_word' id='word_1_210' title='bbox 568 4063 825 4137; x_wconf 91' lang='lat' dir='ltr'><strong>Priore</strong></span> <span class='ocrx_word' id='word_1_211' title='bbox 879 4061 1115 4161; x_wconf 82' lang='lat' dir='ltr'><strong>capite</strong></span> <span class='ocrx_word' id='word_1_212' title='bbox 1161 4061 1249 4132; x_wconf 94' lang='lat' dir='ltr'><strong>de</strong></span> <span class='ocrx_word' id='word_1_213' title='bbox 1287 4058 1733 4157; x_wconf 89' lang='lat' dir='ltr'><strong>quibusdam</strong></span> <span class='ocrx_word' id='word_1_214' title='bbox 1759 4055 2079 4156; x_wconf 89' lang='lat' dir='ltr'><strong>publicis</strong></span> <span class='ocrx_word' id='word_1_215' title='bbox 2122 4055 2584 4154; x_wconf 87' lang='lat' dir='ltr'><strong>Delphorum</strong></span> <span class='ocrx_word' id='word_1_216' title='bbox 2630 4052 2925 4123; x_wconf 90' lang='lat' dir='ltr'><strong>institu-</strong></span> 
     </span>
     <span class='ocr_line' id='line_1_29' title="bbox 471 4181 2924 4286; baseline -0.005 -27"><span class='ocrx_word' id='word_1_217' title='bbox 471 4189 565 4259; x_wconf 84' lang='lat' dir='ltr'><strong>tis</strong></span> <span class='ocrx_word' id='word_1_218' title='bbox 599 4188 840 4286; x_wconf 85' lang='lat' dir='ltr'><strong>agitur</strong></span> <span class='ocrx_word' id='word_1_219' title='bbox 879 4198 950 4258; x_wconf 87' lang='lat' dir='ltr'><strong>et</strong></span> <span class='ocrx_word' id='word_1_220' title='bbox 984 4187 1072 4257; x_wconf 91' lang='lat' dir='ltr'><strong>de</strong></span> <span class='ocrx_word' id='word_1_221' title='bbox 1097 4183 1645 4282; x_wconf 85' lang='lat' dir='ltr'><strong>magistratibus</strong></span> <span class='ocrx_word' id='word_1_222' title='bbox 1676 4181 2057 4253; x_wconf 89' lang='lat' dir='ltr'><strong>nonnullis</strong></span> <span class='ocrx_word' id='word_1_223' title='bbox 2087 4205 2403 4277; x_wconf 91' lang='lat' dir='ltr'><strong>quorum</strong></span> <span class='ocrx_word' id='word_1_224' title='bbox 2439 4189 2727 4275; x_wconf 81' lang='lat' dir='ltr'><strong>tempus</strong></span> <span class='ocrx_word' id='word_1_225' title='bbox 2767 4202 2924 4247; x_wconf 92' lang='lat' dir='ltr'><strong>cer-</strong></span> 
     </span>
     <span class='ocr_line' id='line_1_30' title="bbox 476 4310 1549 4408; baseline -0.006 -23"><span class='ocrx_word' id='word_1_226' title='bbox 476 4313 661 4385; x_wconf 91' lang='lat' dir='ltr'><strong>tiore</strong></span> <span class='ocrx_word' id='word_1_227' title='bbox 707 4312 928 4384; x_wconf 92' lang='lat' dir='ltr'><strong>modo</strong></span> <span class='ocrx_word' id='word_1_228' title='bbox 962 4310 1252 4382; x_wconf 86' lang='lat' dir='ltr'><strong>definiri</strong></span> <span class='ocrx_word' id='word_1_229' title='bbox 1284 4319 1549 4408; x_wconf 82' lang='lat' dir='ltr'><strong>potest.</strong></span> 
     </span>
    </p>
   </div>
  </div>
 </body>
</html>
