3692 5643
793 739 886 809 86
1489 761 1579 808 DE
1633 761 2143 810 lMPERA‘ronvu
2195 759 2551 808 erlsrvms

793 914 1159 1014 suppleui‚
1230 915 1578 1014 Pylaeam
1645 912 1925 986 recenti
1987 913 2225 985 nitore
2287 913 2796 1012 splendentem
2845 940 2883 986 a
2937 913 3249 1013 Delphis

792 1038 1074 1112 laudari
1114 1039 1372 1137 liquet,
1408 1065 1545 1111 nec
1584 1040 1820 1137 plura.
1860 1038 1973 1111 De
2004 1037 2151 1110 illis
2181 1064 2476 1136 quoque
2517 1064 2704 1137 quae
2735 1038 2827 1111 ab
2869 1038 3246 1112 Hadriano

794 1173 1132 1263 poscunt,
1178 1163 1351 1235 inde
1404 1189 1446 1234 a
1484 1188 1558 1236 u.
1606 1163 1697 1233 22
1738 1189 1973 1261 usque
2023 1161 2114 1235 ad
2163 1163 2387 1234 finem
2427 1162 2607 1262 quid
2655 1163 3027 1235 uoluerint
3063 1163 3247 1236 mihi

792 1296 1095 1396 quidem
1154 1322 1304 1368 non
1383 1306 1735 1395 apparet;
1793 1295 1938 1368 nisi
2010 1298 2197 1369 forte
2262 1295 2408 1369 illis
2477 1288 2827 1392 Ἕλλησιν
2874 1293 3246 1397 πρέσβεσιν

796 1430 1153 1502 Hadriani
1220 1429 1449 1502 uerba
1528 1429 1740 1527 quasi
1805 1429 2259 1529 respondent
2327 1426 2796 1528 πρεσβευτήν,
2848 1427 3241 1529 πρεσβεῖαι,

794 1564 922 1636 sed
963 1564 1114 1636 illic
1144 1563 1233 1635 de
1273 1589 1422 1635 uno
1457 1562 1697 1661 legato
1730 1563 2105 1662 agebatur.
2148 1562 2241 1636 V.
2292 1563 2385 1634 23
2422 1561 2593 1635 θεῶν
2631 1553 2871 1646 παῖδες
2909 1562 3246 1664 suppleui

794 1697 965 1795 quia
1011 1696 1431 1770 Hadrianus
1468 1696 1616 1769 iam
1668 1707 1746 1768 ut
1790 1697 1995 1768 Deus
2039 1696 2426 1768 innonatur
2455 1707 2526 1768 et
2563 1697 2767 1769 Deus
2793 1698 3087 1798 τροφεύς
3126 1699 3246 1771 hic

796 1821 987 1894 sicut
1057 1821 1376 1920 Megaris
1419 1822 1467 1892 ¹.
1542 1819 1841 1892 Vltimis
1918 1846 2097 1892 uero
2200 1819 2420 1893 huius
2497 1820 2853 1920 epistulae
2938 1822 3248 1895 uocibus

773 1952 1136 2054 ’ὥρθωκας
1164 1952 1294 2049 τὴν
1351 1953 1554 2027 πόλιν
1586 1953 2064 2052 imperatoria
2092 1954 2453 2028 beneficia
2491 1954 2592 2031 ita
2618 1955 2879 2028 callide
2913 1955 3247 2029 reuocari
3354 2043 3363 2051 ο

798 2079 1139 2152 existimo
1186 2090 1259 2152 ut
1298 2079 1547 2151 animo
1576 2079 1888 2176 legentis
1928 2079 2174 2177 potius
2204 2090 2446 2176 grates
2484 2080 2860 2177 agentium
2892 2079 3249 2153 memoria

798 2203 1214 2277 inhaereret
1256 2229 1478 2301 quam
1523 2203 1930 2302 petentium
1971 2203 2371 2276 insatietas,

894 2328 1315 2400 Adulantur
1347 2328 1647 2427 quidem
1694 2328 1967 2428 Delphi
2008 2328 2132 2400 illa
2169 2355 2392 2427 quam
2441 2327 3076 2428 uidisti-epistula3
3122 2329 3251 2402 sed

735 2436 738 2437 ⁷
799 2452 861 2525 si
901 2478 1063 2523 eam
1109 2479 1278 2524 cum
1331 2453 1556 2525 altera
1601 2478 1823 2551 quam
1865 2452 2111 2526 statim
2156 2453 2464 2525 habebis
2515 2455 3083 2553 comparaueris,
3127 2455 3255 2527 illa

799 2577 1122 2675 ingenuo
1160 2577 1321 2649 uiro
1353 2577 1575 2675 digna
1617 2577 1749 2649 tibi
1784 2577 2160 2665 uidebitur
2188 2603 2373 2667 esse,
2412 2579 2591 2650 haec
2636 2589 2881 2651 autem
2914 2577 3254 2687 illiberali

808 2701 1167 2798 obsequio
1202 2701 1539 2799 insignis,
1586 2703 1678 2774 Et
1710 2714 2103 2802 propterea
2154 2728 2448 2801 quoque
2496 2701 2671 2776 huic
2704 2705 2731 2748 ‘²
2770 2703 3252 2802 posteriorem

803 2828 1050 2899 locum
1116 2826 1573 2900 uindicarem
1638 2829 1930 2900 etiamsi
2002 2828 2290 2901 deesset
2355 2828 2639 2902 firmius
2704 2839 3248 2928 argumentum.

800 2953 1058 3049 Itaque
1099 2961 1359 3023 neutra
1405 2952 1802 3024 Plutarcho
1842 2952 2161 3026 adscribi
2202 2963 2466 3052 potest,
2511 2954 2722 3026 cuius
2755 2953 2829 3024 in
2871 2953 3251 3052 ingenium

803 3076 1124 3176 priorem
1165 3087 1360 3149 certe
1402 3076 1761 3175 quadrare
1818 3077 2135 3150 libenter
2180 3077 2585 3165 crederem,
2633 3077 2775 3150 nisi
2831 3078 3255 3151 coniectura

803 3227 892 3272 ex
921 3203 1032 3273 Fl.
1071 3201 1487 3273 Aristotimi
1512 3204 1535 3246 3
1571 3202 1872 3274 nomine
1904 3212 2071 3274 nata
2090 3228 2206 3273 me
2229 3229 2270 3274 a
2292 3228 2469 3274 uero
2501 3229 2648 3274 non
2680 3202 3065 3275 recessisse
3091 3228 3256 3301 per-

803 3350 1098 3399 suasum
1136 3325 1511 3399 haberem.

886 3631 931 3683 1.
971 3629 1053 3682 IG
1087 3629 1188 3681 VII
1218 3630 1399 3684 70:72.
1436 3630 1522 3684 Cf.
1555 3629 1708 3683 idem
1745 3631 1987 3683 uerbum
2031 3631 2184 3701 quod
2222 3631 2281 3684 in
2321 3631 2429 3684 hac
2462 3631 2713 3703 epistula
2742 3632 2961 3703 legitur
2999 3631 3058 3684 in
3091 3630 3262 3684 titulo

808 3718 1080 3789 delphico
1132 3719 1712 3773 Weschcr-Foucart
1744 3719 1846 3772 468
1882 3737 1895 3777 ε
1939 3717 2294 3792 Αὐτοκράτορι
2334 3720 2594 3792 (Αδριανῷ
2719 3720 2951 3792 θρέψαντι
2971 3720 3062 3788 τὴν
3083 3723 3266 3773 ἑαυτοῦ

815 3806 1071 3862 Ἱῧλλάδα.

883 3898 932 3949 2.
977 3884 1106 3951 NN.
1136 3897 1443 3963 516‚3267‚
1473 3897 1596 3950 532.

882 3987 931 4039 3.
980 3984 1059 4038 De
1086 3984 1293 4038 eodem
1325 3985 1669 4039 Aristotimo
1701 3986 1939 4042 buleuta
1966 3993 2026 4041 et
2051 3988 2358 4042 sacerdote
2385 3989 2449 4042 cf.
2488 4006 2662 4060 supra
2684 4007 2778 4061 pp.
2811 3991 2875 4041 17
2899 3993 2960 4040 et
2988 3989 3076 4041 34.
