3692 5643
1083 689 1171 734 DE
1225 686 1783 759 AMPnlcTYONvM
1836 685 2245 732 EriMssLE‘rls
2797 660 2891 732 49

429 843 559 941 qui
611 842 816 915 BCH
866 842 969 912 VI
1026 868 1100 939 p.
1171 843 1311 913 450
1370 841 1649 939 publici
1707 840 1889 910 iuris
1954 841 2190 911 factus
2255 850 2363 909 est
2407 864 2575 909 cum
2642 848 2894 909 nostro

429 968 768 1038 conferas
805 992 1106 1064 quaeso,
1154 976 1370 1063 atque
1404 965 1947 1038 animaduertas
1968 964 2118 1035 illic
2154 964 2549 1034 Theoclem
2574 963 2894 1034 dilucide

439 1088 874 1187 ἐπιμελητὴν
932 1095 1092 1163 τῶν
1134 1082 1643 1188 Ἀμφικτιόνων
1691 1089 2156 1160 nominatum
2206 1114 2389 1159 esse.
2436 1088 2678 1159 Facile
2719 1098 2895 1158 tunc

433 1241 706 1301 sumeS‚
766 1215 1057 1313 opinor,
1116 1225 1431 1312 utroque
1489 1217 1653 1286 loco
1714 1240 1895 1285 uoce
1976 1211 2604 1311 ἐπιμελητεύοντος
2709 1211 2896 1282 nihil
2965 1224 2970 1231 “

434 1340 579 1411 nisi
619 1339 988 1436 quandam
1029 1340 1462 1437 dignitatem
1500 1339 2154 1435 magistratumque
2188 1337 2485 1435 proprie
2523 1335 2895 1433 designari

439 1483 506 1543 et
550 1471 780 1543 uerbo
831 1479 1064 1545 αὐτῶν
1124 1473 1391 1544 iterum
1449 1471 1844 1569 significari
1890 1471 2570 1568 amphictyonicum
2649 1469 2898 1541 conci-
2977 1546 2984 1553 ,

438 1596 623 1666 lium
664 1598 682 1641 ¹
731 1597 940 1669 cuius
992 1597 1081 1668 de
1122 1596 1483 1669 sententia
1521 1596 1670 1693 egit
1713 1596 2094 1668 TheocleS.
2140 1594 2481 1665 Eundem
2519 1594 2899 1689 magistra-

443 1732 599 1790 tum
631 1721 707 1790 in
726 1720 1189 1793 documentis
1220 1722 1365 1792 iam
1402 1721 1596 1792 notis
1637 1722 1663 1764 2
1694 1720 1965 1818 quibus
1984 1719 2268 1791 Soclari
2287 1718 2576 1791 Petraei
2599 1714 2900 1790 Eubioti

445 1844 748 1916 nomina
786 1845 1277 1945 ‘illustrantur
1336 1844 1519 1921 illud
1592 1849 1722 1915 ὑπὸ
1763 1842 1892 1938 τὴν
1936 1842 2429 1939 ἐπιμελητείαν
2508 1854 2632 1914 aut
2703 1842 2896 1939 ἐν’τῇ

447 1967 904 2064 ἐπιμελητείᾳ
954 1970 1348 2041 manifesto
1425 1968 1810 2064 significat.
2888 1975 2894 1981 ’

553 2095 768 2181 Quod
817 2097 1121 2166 fortasse
1178 2120 1327 2165 non
1387 2094 1584 2165 ualet
1650 2093 1738 2164 de
1802 2092 2017 2163 titulo
2087 2077 2408 2189 quodam
2469 2089 2621 2162 Ceo
2677 2116 2899 2187 quem

445 2224 642 2295 idem
706 2221 824 2291 uir
876 2218 1346 2290 doctissimus
1414 2217 1965 2290 commentariis
2025 2217 2318 2287 ornauit
2356 2219 2407 2287 3.
2469 2215 2752 2312 Nempe
2811 2213 2899 2284 de

448 2357 701 2428 eadem
746 2378 927 2424 uoce
968 2350 1595 2448 ἐπιμελητεύοντος
1618 2376 1742 2421 eos
1775 2350 2133 2422 errauisse
2164 2351 2416 2420 statuit
2436 2348 2561 2445 qui
2584 2345 2904 2445 Augusti

447 2480 743 2551 Boeckh
784 2477 1205 2574 exemplum
1239 2475 1467 2547 secuti
1501 2501 1662 2545 eam
1704 2475 1794 2546 ad
1820 2475 2327 2571 magistratum
2361 2473 2451 2545 ab
2493 2471 2904 2543 Athenien-

445 2605 650 2676 sibus
689 2603 973 2673 insulae
1001 2600 1431 2698 impositum
1469 2600 1934 2671 rettulerunt.
1973 2600 2183 2670 Illam
2209 2599 2434 2685 enim,
2480 2594 2905 2668 testimonio

444 2714 821 2828 praeterea
897 2720 1282 2797 attica'rum
1382 2725 1948 2823 inscriptionum
1982 2725 2008 2769 4
2100 2723 2367 2812 adlato,
2437 2748 2606 2793 cum
2683 2721 2909 2791 altera

454 2851 993 2951 ἐπιμεληθέντος
1048 2850 1468 2949 promiscue
1510 2849 1851 2948 usurpari
1911 2848 2471 2920 demonstrauit.
2510 2848 2767 2944 Neque
2820 2844 2908 2915 de

455 2978 606 3060 Ceo
647 3003 886 3073 neque
919 2975 1006 3046 de
1040 2975 1354 3047 Athenis
1396 2975 1741 3072 equidem
1778 3001 1975 3046 nunc
2018 2974 2256 3045 habeo
2279 3000 2410 3045 cur
2449 2970 2904 3051 dissentiam,

458 3101 584 3173 sed
629 3100 828 3198 quod
874 3099 964 3171 ad
1022 3100 1352 3198 Delphos
1401 3099 1724 3197 pertinet
1790 3098 2189 3170 admodum
2251 3097 2544 3168 diuersa
2613 3121 2728 3167 res
2772 3103 2905 3166 est.

459 3227 716 3324 Itaque
751 3226 813 3296 si
844 3224 1022 3321 quid
1067 3224 1155 3294 de
1198 3223 1341 3294 illis
1382 3223 1563 3295 uiris
1604 3249 1788 3320 quos
1833 3249 2054 3321 supra
2106 3221 2491 3294 nominaui
2524 3220 2715 3292 etde
2753 3219 2915 3317 qui-

459 3350 770 3422 busdam
803 3349 961 3419 aliis
996 3348 1185 3419 tituli
1211 3347 1597 3419 docuerint
1615 3347 2012 3444 colligendi
2044 3347 2417 3418 licentiam
2450 3344 2915 3444 impetrauis-

462 3501 538 3546 se
594 3474 776 3544 mihi
830 3472 1113 3544 uideor.
2428 3458 2432 3463 ⁴

562 3598 773 3668 Adde
807 3597 1005 3694 quod
1034 3624 1124 3668 ne
1167 3608 1682 3694 argumentum
1723 3596 2024 3693 quidem
2064 3622 2212 3693 quo
2255 3595 2345 3668 G.
2394 3593 2921 3689 Dittenberger

410 3783 417 3786 .
461 3748 641 3793 usus
681 3722 771 3793 ad
813 3722 1241 3818 opinionem
1286 3722 1530 3792 minus
1568 3732 1808 3819 aptam
1853 3720 2115 3791 ductus
2154 3729 2311 3791 erat
2345 3746 2423 3789 re
2460 3718 2618 3816 ipsa
2658 3717 2921 3789 confir-

465 3857 732 3917 matur.
775 3848 963 3917 Nam
998 3871 1258 3916 omnes
1287 3871 1469 3942 quos
1501 3844 2057 3943 epimeletarum
2102 3870 2407 3915 munere
2445 3845 2735 3914 functos
2765 3866 2921 3913 esse

467 3980 749 4042 certum
813 3981 1004 4042 esset
1093 3968 1377 4067 origine
1444 3970 1667 4040 fuisse
1751 3968 2306 4066 Nicopolitanos
2399 3965 2917 4051 contendebat,

540 4223 587 4275 1.
631 4222 742 4274 Pro
769 4237 838 4274 eo
864 4220 1021 4292 quod
1047 4226 1138 4271 est
1163 4217 1220 4271 τὸ
1242 4215 1402 4272 κοινὸν
1425 4229 1525 4271 τῶν
1579 4216 1962 4289 Ἀμφικτυόνων
1995 4218 2133 4270 alibi
2155 4220 2202 4269 οἱ
2230 4216 2592 4288 Ἀμφικτύονες
2621 4220 2923 4270 uocantur.

538 4311 588 4364 2.
634 4310 698 4364 E.
733 4327 789 4380 g.
825 4308 1093 4362 BCHXX
1119 4326 1215 4379 pp.
1245 4309 1510 4373 ’τρο-721,
1544 4307 1664 4361 724.

542 4400 594 4452 3.
632 4398 780 4469 Syll.
814 4399 996 4451 Inscr.
1034 4398 1136 4466 Gr.
1163 4398 1264 4450 396
1287 4397 1420 4450 adn.
1457 4399 1506 4449 2.

543 4488 592 4541 4.
638 4488 988 4541 Praesertim
1027 4487 1108 4540 IG
1135 4485 1207 4538 ΙΙΙ
1236 4486 1358 4550 393,
1394 4486 1516 4538 532.
