3692 5643
933 777 1024 849 52
1592 804 1680 851 DE
1734 802 2297 852 AMPIIICTYONVM
2350 802 2758 852 armamus

1819 961 1899 1026 Οἱ
1950 960 2376 1047 Ἀμφικτύονες

1817 1087 1913 1143 τὶν
1951 1083 2314 1159 ἐπιμελητὴν

1729 1193 1817 1257 Μ.
1857 1193 2160 1278 Αὔρήλιον
2193 1192 2485 1257 Νικιάδαν

1728 1308 1999 1399 Σᾳέὐρου
2035 1308 2445 1389 Νικοπολίτην

1723 1432 2249 1509 παραριθμήσαντα
2299 1426 2369 1489 τὰ
2416 1424 2542 1508 ἱερὰ

1723 1548 2004 1624 χρήματα
2043 1549 2146 1604 τῶι
2185 1536 2318 1621 μετ’
2348 1542 2520 1605 aba-bv

1904 1660 2278 1736 ἐπιμελητῆι.

1027 1851 1058 1884 «
1123 1820 1398 1890 Iustam
1446 1819 1926 1918 pecuniarum
1982 1846 2350 1892 summam
2411 1820 2478 1891 ei
2528 1820 2655 1916 qui
2715 1819 2790 1889 in
2851 1821 3085 1918 ipsius
3132 1821 3375 1891 locum

922 1942 1360 2015 succedebat
1419 1943 1721 2015 tradidit
1777 1975 1842 2031 »‚
1903 1954 2051 2030 aut,
2108 1943 2308 2041 quod
2355 1944 2555 2015 idem
2617 1953 2752 2031 est,
2813 1944 3076 2015 aerarii
3128 1969 3375 2014 curam

920 2066 1200 2155 habuit,
1239 2077 1312 2138 et
1353 2067 1485 2138 Dei
1527 2094 1681 2138 rem
1722 2068 2215 2138 nummariam
2248 2068 2673 2164 reditusque
2701 2068 2889 2138 bene
2921 2068 3169 2165 gessit.
3213 2068 3374 2138 Non

919 2191 1119 2262 enim
1196 2217 1381 2290 opus
1452 2202 1563 2262 est
1622 2192 2017 2262 formulam
2118 2218 2302 2288 quae
2372 2191 2762 2289 aliquoties
2830 2191 3189 2289 inscripta
3273 2203 3376 2261 est

920 2321 997 2384 ἐκ
1034 2319 1173 2387 τῶν
1206 2332 1330 2387 τοῦ
1371 2314 1524 2387 θεοῦ
1567 2315 1959 2414 χρημάτων
1994 2317 2110 2386 uel
2141 2307 2499 2413 προσόδων
2528 2315 2801 2413 ubique
2833 2316 3101 2411 legere.
3132 2315 3371 2385 Etiam

914 2439 1045 2510 ubi
1084 2466 1233 2510 non
1271 2440 1659 2537 reperitur,
1699 2439 1800 2510 ibi
1851 2466 1981 2539 pro
2018 2451 2218 2511 certo
2257 2440 2616 2510 habemus
2662 2465 2944 2510 sacram
2980 2439 3371 2537 pecuniam

916 2559 1122 2635 sacro
1162 2563 1497 2660 peribolo
1538 2564 1872 2634 ornando
1932 2575 2002 2634 et
2058 2564 2468 2661 reparando
2510 2564 2911 2634 adhibitam
2960 2588 3145 2634 esse.
3194 2562 3372 2634 Del-

913 2687 1078 2784 phis
1114 2687 1339 2782 igitur
1377 2697 1449 2757 et
1487 2687 1884 2759 substructi
1931 2688 2123 2758 muri
2176 2688 2605 2786 praesertim
2654 2688 2729 2757 in
2778 2676 3053 2757 uicinia
3090 2686 3363 2772 altariS‚

915 2821 985 2882 et
1037 2813 1204 2883 fons
1267 2823 1339 2883 et
1400 2812 1523 2883 alii
1576 2812 1769 2886 muri
1819 2841 2048 2911 prope
2122 2797 2609 2899 Cassotidem‚
2663 2820 2734 2882 et
2781 2810 3260 2909 bybliotheca
3304 2823 3373 2882 et

913 2936 1226 3034 Pythiae
1268 2936 1557 3025 domim,
1605 2948 1676 3007 et
1722 2969 1752 3003 «
1797 2938 2270 3009 structorium
2325 2968 2357 3002 >2
2393 2937 2575 3008 illud
2612 2935 2809 3033 quod
2846 2963 2921 3007 se
2959 2937 3032 3006 in
3059 2961 3370 3032 gymna-

912 3061 1020 3131 sio
1060 3062 1468 3158 repperisse
1510 3061 1705 3139 haud
1746 3061 1903 3132 sine
1937 3088 2153 3133 causa
2184 3062 2267 3132 T.
2308 3061 2655 3132 Homolle
2689 3060 3089 3131 arbitratus
3128 3070 3263 3147 est,
3301 3070 3371 3129 et

911 3183 1331 3282 Aesculapii
1373 3184 1614 3272 aedeS‚
1671 3196 1741 3257 et
1798 3196 2078 3256 statuae
2146 3185 2506 3283 plurimae
2547 3181 3125 3282 imperatoribus
3165 3183 3371 3254 dedi-

910 3318 1109 3378 catae
1148 3310 1197 3391 1,
1240 3309 1488 3379 omnia
1528 3308 1845 3405 denique
1891 3309 2014 3380 illa
2053 3336 2278 3407 opera
2308 3335 2493 3405 quae
2526 3307 3122 3405 Amphictyones
3153 3334 3367 3405 pera-

907 3431 1142 3527 genda
1173 3432 1660 3504 decreuerunt
1688 3434 2023 3531 impensa
2057 3432 2424 3530 Apollinis
2465 3458 2596 3530 per
2635 3432 3107 3529 epimeletam
3153 3422 3368 3502 abso-

904 3555 1055 3626 luta
1095 3566 1290 3627 sunt.
1357 3559 1602 3654 Atque
1653 3557 1819 3628 ideo
1871 3556 2207 3654 delphica
2252 3557 2511 3628 ciuitas
2568 3555 3137 3653 perfrequenter
3195 3556 3366 3626 huic

906 3681 1361 3777 magistratui
1397 3680 1642 3751 addita
1668 3692 1775 3751 est
1801 3680 1997 3777 quod
2030 3680 2341 3778 pecunia
2374 3706 2462 3751 ex
2499 3681 2639 3750 Dei
2666 3680 3032 3750 thesauris
3065 3689 3366 3776 erogata

905 3829 1186 3875 sacram
1231 3803 1487 3874 urbem
1528 3804 1748 3874 simul
1790 3813 1861 3874 et
1900 3802 2277 3875 decorauit
2317 3815 2389 3874 et
2421 3804 2712 3875 ditauit.

1002 3926 1300 3998 Talibus
1359 3936 1604 3997 autem
1665 3928 1888 3998 rebus
1950 3927 2224 4015 diutius
2276 3928 2658 3998 immorari
2717 3952 3365 4023 superuacaneum

902 4061 1117 4147 puto;
1156 4076 1325 4120 nam
1369 4049 1798 4146 epimeletae
1836 4028 2272 4147 potestatem
2311 4051 2571 4121 aerarii
2612 4049 3166 4147 dispensatione
3209 4077 3362 4121 non

903 4174 1368 4244 terminatam
1414 4173 1637 4244 fuisse
1695 4174 1908 4244 nobis
1972 4174 2244 4245 indicio
2296 4186 2459 4245 sunt
2511 4173 3032 4271 inscriptiones
3088 4174 3367 4271 quibus

903 4323 1071 4368 cum
1108 4297 1264 4367 eius
1306 4297 1521 4384 titulo
1560 4298 1891 4395 speciosa
1942 4298 2185 4394 aliqua
2226 4298 2543 4394 dignitas
2597 4297 2791 4368 haud
2829 4324 2996 4368 raro
3080 4325 3367 4369 conexa

972 4504 1021 4554 1.
1067 4501 1149 4554 Cf.
1176 4501 1331 4552 tituli
1355 4500 1513 4553 BCH
1529 4501 1647 4567 XX,
1673 4519 1768 4571 pp.
1791 4502 2023 4552 719-724
2075 4501 2374 4572 descripti,
2396 4502 2607 4571 quibus
2621 4500 2910 4552 adiciatur
2932 4500 3366 4554 documentum

900 4589 1057 4642 BCH
1083 4588 1265 4640 XXIII
1300 4607 1354 4659 p.
1391 4590 1511 4642 574.
1584 4663 1588 4668 μ
