3692 5643
924 703 1016 776 24
1835 729 1924 775 DE
1977 729 2467 779 Aacnowrmvs

1507 885 1714 963 Θεος.
1760 884 1937 970 Τύχα
2008 882 2018 970 Ι
2087 887 2302 969 ἀγαθά.

1281 1001 1558 1086 [Δε]λφοί
1592 1006 1813 1066 ἔδωκαν
1855 997 2158 1087 Π(οπλίῳ)
2191 1000 2498 1091 Κορνηλί-

1283 1120 1377 1202 [ῳ]
1423 1114 1648 1205 Ἀλεξᾷ
1679 1118 1882 1201 Αἰγιεῖ
1907 1122 2238 1181 πολειτείαν
2549 1110 2574 1119 “

1283 1234 1487 1317 [odim-ff)
1518 1237 1616 1297 καὶ
1646 1235 1913 1315 ἐγγὲνοις
1947 1235 2145 1311 αὑτοῦ,
2182 1259 2323 1317 προ·

1288 1354 1582 1430 μαντείαν,
1618 1350 1953 1433 προξενίαν,
1992 1352 2256 1432 προδικί-

1285 1489 1380 1542 αν,
1421 1464 1686 1544 ἀσυλίαν,
1730 1468 2068 1549 προεδρίαν,
2107 1463 2337 1528 ἀτέλει-

1285 1605 1353 1643 αν
1388 1584 1600 1658 πᾶσαν,
1636 1584 1747 1663 γᾶς
1784 1582 1880 1643 καὶ
1921 1580 2103 1656 οἰκίας
2140 1583 2349 1659 ἔνκτη-

1287 1721 1372 1760 σιν
1403 1699 1502 1759 καὶ
1528 1689 1724 1760 τᾶλλα
1748 1700 1940 1775 τείμια
1968 1697 2076 1759 ὅσα
2109 1709 2232 1771 τοῖς
2270 1721 2402 1758 κα-·

1285 1815 1420 1887 λοῖς
1456 1814 1554 1875 καὶ
1588 1811 1832 1894 ἀγαθοῖς
1880 1811 2118 1895 ἀνδράσι
2154 1815 2309 1874 δίδο-

1281 1952 1401 1990 ται.
1444 1922 1780 2010 ”Αρχοντος
1818 1922 2055 2011 Παίου)
2094 1925 2377 2006 Μεμμίου
2416 1924 2616 1989 Εὔθυ-

1260 2019 1472 2122 Ιδοίμου
1512 2050 1575 2106 το
1612 2040 1704 2125 γ’,
1749 2044 2150 2119 βουλευόντων
2190 2041 2318 2105 Εὖ-

1289 2163 1572 2242 φροσύνου
1607 2170 1708 2223 τοῦ
1749 2156 2041 2238 Δάμωνος
2073 2161 2171 2223 καὶ

1290 2272 1557 2337 Γλαυκία
1593 2286 1694 2338 τοῦ
1742 2269 2111 2356 Ἀντιγονου.

1030 2410 1222 2483 Cum
1267 2410 1817 2509 Euthydamum
1871 2411 2240 2485 archontis
2291 2410 2724 2508 dignitatem
2778 2409 3084 2482 tertium
3130 2434 3382 2481 susce·
3447 2472 3452 2477 .

933 2535 1128 2634 pisse
1162 2535 1591 2634 priusquam
1634 2534 2134 2607 sacerdotium
2169 2534 2417 2606 inierit
2448 2545 3027 2607 consentaneum
3069 2533 3187 2618 sit,
3233 2559 3381 2604 non

935 2669 1177 2760 potest
1202 2659 1343 2732 hoc
1382 2659 1755 2733 decretum
1787 2658 1932 2731 nisi
1971 2669 2137 2731 ante
2174 2685 2239 2730 a.
2275 2660 2367 2731 96
2396 2659 2642 2732 locum
2675 2658 3037 2730 obtinere.

936 2829 939 2832 >
1034 2784 1143 2858 Ex
1215 2784 1443 2857 altera
1504 2794 1706 2883 parte
1757 2784 1886 2856 illo
1929 2783 2272 2872 „eiusdem
2342 2783 2516 2857 anni
2584 2783 2795 2855 titulo
2861 2808 3080 2881 quem
3162 2781 3382 2855 modo
3414 2827 3419 2833 -

935 2909 1514 2983 commemoraui
1556 2910 1575 2955 ¹
1638 2909 2050 2991 celebratus
2125 2920 2234 2981 est
2305 2909 2870 3006 gymnasiarcha
2946 2907 3377 2995 Archelaus»,

938 3033 1250 3105 Domitii
1313 3033 1596 3131 Hygini
1670 3034 1723 3105 f.
1799 3033 2116 3105 Decreta
2168 3033 2393 3131 igitur
2478 3032 2554 3104 in
2617 3031 2888 3130 quibus
2940 3031 3099 3104 eius
3151 3041 3378 3129 pater,

939 3168 1190 3257 utpote
1221 3158 1349 3256 qui
1405 3158 1654 3230 ciuilia
1708 3157 1952 3229 officia
2004 3157 2336 3255 gesserit,
2394 3167 2847 3229 memoratur
2894 3166 3059 3227 ante
3093 3182 3381 3230 ,annum

938 3308 1087 3380 quo
1109 3282 1623 3380 Euthydemus
1645 3281 1940 3353 tertium
1973 3283 2243 3354 archon
2268 3282 2405 3353 fuit
2427 3281 2768 3384 ponenda
2798 3292 2993 3354 sunt.
3018 3279 3158 3354 Cn.
3188 3280 3382 3384 enim

941 3407 1316 3479 Domitius
1352 3407 1722 3505 Hyginus,
1759 3404 2098 3478 Corinthi
2130 3417 2370 3496 natus,
2393 3406 2454 3478 si
2485 3432 2632 3477 non
2659 3406 2944 3504 primus
2965 3405 3384 3503 exemplum

940 3521 1279 3631 praebuit
1319 3531 1518 3629 quod
1594 3531 1806 3602 multi
1883 3531 2115 3603 secuti
2186 3541 2380 3616 sunt,
2460 3529 2874 3626 insignibus
2944 3539 3141 3600 certe
3208 3528 3386 3600 uiris

941 3656 1410 3749 adnumerari
1445 3633 1684 3754 potest
1714 3656 1843 3753 qui
1884 3656 2259 3727 ciuitatem
2297 3654 2388 3726 ab
2428 3655 2736 3753 Delphis
2765 3654 3213 3752 impertitam
3237 3646 3384 3724 non

939 3781 1244 3852 honoris
1274 3807 1490 3852 causa
1525 3780 1651 3851 sed
1689 3806 1946 3851 reuera
1973 3789 2412 3877 acceperunt
2446 3778 2700 3875 reique
2737 3777 3074 3876 publicae
3093 3777 3167 3848 in
3194 3802 3387 3849 noua

943 3904 1174 4004 patria
1215 3904 1838 3976 administrandae
1894 3912 2196 4003 operam
2251 3914 2647 3975 nauarunt.
2717 3902 2957 3986 Quem
3013 3901 3390 3973 buleutam

943 4010 1166 4100 fuisse
1204 4028 1409 4100 Simo
1441 4028 1765 4127 Epandri
1807 4030 1857 4101 f.
1896 4028 2243 4100 archonte
2269 4055 2360 4100 ex
2397 4028 2611 4098 titulo
2641 4026 3140 4125 comperimus
3170 4051 3388 4123 quem
3420 4121 3427 4126 .
3458 4113 3462 4118 .

942 4154 1131 4225 infra
1168 4152 1521 4252 descripsi·
1562 4155 1587 4198 ‘2
1630 4183 1644 4225 ε
1718 4199 1721 4204 -

955 4363 959 4367 ’
1022 4352 1069 4404 1.
1112 4350 1175 4402 P.
1201 4352 1268 4403 23
1298 4350 1432 4404 adn.
1475 4351 1525 4403 4.

1016 4411 1075 4493 2.ο
1110 4439 1237 4493 ΝΝ.
1261 4440 1385 4506 927,
1421 4440 1577 4507 1199,
1605 4440 1762 4507 1319,
1783 4442 1950 4495 2157.
1978 4440 2101 4492 Duo
2119 4439 2351 4493 calcat-ii
2376 4439 2603 4510 lapides
2628 4457 2695 4493 ex
2715 4403 2898 4492 muris
2920 4438 3122 4509 templi
3149 4454 3393 4509 quorum

943 4527 1092 4581 alter
1141 4527 1246 4598 (0¹¹²
1274 4529 1376 4580 355
1420 4527 1547 4600 alt.)
1600 4545 1772 4599 supra
1835 4529 2087 4582 alterum
2134 4527 2346 4601 (Om94)
2390 4528 2615 4601 positus
2668 4536 2778 4584 est.
2825 4528 2955 4581 Non
2990 4533 3085 4580 est
3121 4527 3232 4580 cur¹
3263 4543 3394 4581 sen-
