3692 5643
783 604 813 673 1
827 604 870 673 Ο
1800 624 2196 672 PRAEFA'rlo

777 779 978 876 longi
1038 779 1338 879 parietis
1426 779 1733 851 inferior
1796 804 1992 876 pars,
2066 777 2126 849 si
2187 803 2516 859 seorsum
2567 804 2882 876 reponas
2950 780 3232 878 aliquot

775 903 1412 1002 Amphictyonum
1457 903 1775 984 decreta,
1808 902 2141 1000 epistulis
2182 901 2710 1000 imperatorum
2744 904 2953 1000 quasi
2991 931 3228 976 reser-

776 1038 943 1100 uata
970 1028 1265 1100 uidetur
1293 1054 1474 1100 esse.
1510 1027 1879 1124 Denique,
1907 1053 1998 1097 ne
2021 1027 2232 1125 plura
2257 1053 2457 1098 nunc
2483 1026 2720 1098 dicam
2752 1027 2843 1099 de
2872 1028 3019 1099 illis
3040 1055 3226 1126 quae

775 1188 1003 1260 penes
1043 1160 1502 1260 ἐπιγραφικήν
1534 1171 1728 1250 sunt,
1757 1161 2022 1232 iterum
2063 1160 2184 1232 hic
2223 1170 2477 1259 repeto
2516 1161 2919 1258 permultas
2954 1172 3225 1234 statua-

774 1311 939 1356 rum
978 1285 1191 1358 bases
1213 1312 1399 1383 quae
1440 1312 1588 1357 non
1615 1284 1815 1357 iuxta
1869 1284 2069 1357 uiam
2098 1310 2377 1356 sacram
2409 1294 2693 1356 tantum
2735 1284 2863 1356 sed
2895 1285 3220 1384 undique

774 1409 848 1481 in
890 1409 1222 1508 peribolo
1265 1409 1779 1498 obuersantur‚
1827 1409 2096 1506 quibus
2140 1435 2413 1480 nomen
2459 1408 2859 1507 laudesque
2908 1410 3222 1482 dedicati

723 1519 737 1542 ⁹
775 1544 846 1604 et
883 1561 1029 1605 non
1074 1561 1238 1606 raro
1270 1533 1677 1606 dedicantis
1718 1560 2014 1631 quoque
2055 1514 2544 1606 celebrantur.

870 1659 1066 1756 Ergo
1120 1658 1179 1729 si
1237 1657 1403 1755 quis
1452 1667 2105 1730 monumentorum
2165 1657 2879 1756 inscriptionumque
2933 1659 3221 1758 copiam

771 1793 1235 1880 aggregatam
1295 1783 1623 1854 intuetur
1688 1794 1933 1880 atque,
1999 1783 2371 1855 Plutarchi
2442 1783 2752 1881 dialogis
2809 1784 3089 1855 collatis
3155 1795 3226 1854 et

777 1934 1256 1978 nummorum
1303 1909 1728 1980 testimonio
1768 1908 2125 1996 adhibito,
2151 1907 2415 2012 ‚omnia
2452 1909 2529 1978 in
2563 1934 2791 1979 unum
2835 1908 3223 2006 complecti

777 2042 1029 2122 tentat,
1090 2033 1151 2105 is
1196 2033 1496 2103 demum
1546 2033 1908 2131 intellegit
1942 2059 2088 2130 quo
2118 2033 2278 2104 iure
2327 2033 2789 2104 sacerdotum
2849 2032 3223 2131 delphico-

772 2183 939 2227 rum
978 2155 1428 2228 clarissimus
1459 2157 2031 2258 reuiuiscentem
2079 2183 2209 2228 sua
2241 2168 2472 2229 aetate
2514 2130 2797 2229 sacram
2842 2156 3100 2228 urbem
3153 2167 3224 2228 et
3287 2206 3292 2209 <

773 2307 965 2352 noua
997 2280 1310 2378 Pylaeae
1351 2281 1579 2380 stirpe
1610 2281 2090 2373 fruticantem
2139 2282 2693 2353 collaudauerit.
2731 2283 2883 2353 Nos
2927 2307 3220 2379 quoque

688 2392 692 2395 ¹
772 2415 844 2475 et
879 2405 1250 2503 Apollinis
1291 2405 1446 2476 sedi
1485 2414 1683 2477 notio
1725 2406 2115 2504 splendore
2168 2406 2480 2502 fulgenti
2539 2416 2610 2476 et
2652 2404 3223 2503 imperatoribus

772 2554 1005 2626 paene
1062 2528 1408 2600 omnibus
1443 2529 1761 2627 benigna
1816 2556 2217 2603 eamcura
2292 2529 2718 2602 fouentibus
2763 2540 2835 2600 et
2903 2529 3085 2600 uiris
3143 2529 3220 2599 in

773 2644 977 2715 omni
1017 2670 1282 2741 genere
1317 2644 1552 2716 laudis
1591 2644 1997 2716 notissimis
2036 2645 2126 2716 ad
2166 2646 2521 2744 templum
2581 2644 2719 2716 Dei
2759 2645 3012 2742 Pythii
3048 2670 3222 2716 con-

773 2768 1238 2848 currentibus
1297 2768 1616 2841 libenter
1668 2762 2251 2868 gratularemur3
2298 2770 2425 2841 sed
2479 2795 2571 2841 ne
2622 2769 2864 2868 specie
2914 2769 3262 2841 forsitan*

774 2920 962 2965 uana
1001 2894 1398 2966 illudamur
1440 2920 1704 2993 operae
1757 2895 2079 2993 pretium
2127 2906 2237 2966 est
2273 2920 2430 2965 rem
2471 2894 2775 2993 propius
2826 2893 3215 2992 inspicere.
3286 2886 3289 2888 i

774 3019 940 3089 Non
978 3019 1174 3089 enim
1211 3029 1318 3090 est
1351 3044 1484 3090 cur
1521 3018 1715 3090 idem
1777 3018 1994 3090 nobis
2051 3030 2267 3116 atque
2328 3018 2726 3110 Plutarcho
2775 3018 3055 3090 accidat
3093 3018 3221 3115 qui

772 3143 863 3213 de
904 3142 1336 3240 aequalibus
1375 3153 1502 3214 aut
1539 3143 1967 3215 hominibus
2007 3155 2129 3215 aut
2160 3143 2380 3215 rebus
2423 3144 2898 3242 semetipsum
2940 3142 3220 3214 inuitus

773 3267 846 3338 in
882 3293 1206 3339 errorem
1262 3267 1611 3338 inducere
1657 3267 2005 3367 potuerit.

871 3391 1057 3463 Mihi
1101 3402 1344 3463 tamen
1386 3385 1682 3463 nonest
1709 3392 1782 3463 in
1826 3393 2074 3464 animo
2107 3394 2356 3465 omnia
2388 3393 2732 3490 colligere
2773 3420 2959 3490 quae
2991 3394 3218 3492 scrip-

772 3526 967 3588 tores
1006 3516 1345 3614 titulique
1385 3516 1475 3588 de
1521 3516 1831 3614 Delphis
1870 3544 2002 3615 per
2031 3517 2268 3615 prima
2288 3544 2361 3615 p.
2391 3517 2566 3591 Chr.
2596 3519 2883 3589 saecula
2921 3518 3211 3590 docent.

775 3642 1158 3712 Materiam
1203 3642 1399 3712 enim
1442 3642 1772 3712 nondum
1811 3642 1984 3713 satis
2029 3643 2388 3738 digestam
2419 3668 2574 3713 esse
2597 3669 2771 3713 mox
2807 3642 3214 3741 apparebit.

774 3767 886 3837 De
956 3765 1568 3863 inscriptionibus
1624 3776 1910 3837 tantum
1987 3767 2277 3864 loquor,
2346 3793 2656 3863 quarum
2728 3767 3221 3839 minutissima

773 3892 1181 3987 fragmenta
1240 3890 1690 3988 coniungere
1731 3901 1803 3961 et
1846 3891 2056 3989 quasi
2096 3893 2448 3963 resarcire
2489 3892 2615 3963 diu
2654 3893 2956 3989 quidem
2998 3918 3221 3964 cona-

772 4026 891 4087 tus
931 4041 1120 4103 sum‚
1167 4014 1295 4086 sed
1334 4016 1603 4087 frustra
1638 4016 1954 4113 saepiuS.
1999 4016 2259 4116 Hocin
2295 4016 2546 4088 libello
2580 4018 2908 4114 requiras
2944 4044 3218 4116 quaeso

772 4165 920 4210 non
954 4157 1463 4236 quaecumque
1487 4140 1764 4211 tentaui
1784 4140 1908 4211 sed
1943 4166 2129 4237 quae
2162 4167 2358 4212 nunc
2390 4142 2643 4212 saltem
2668 4168 2802 4239 pro
2827 4154 3025 4214 certo
3047 4137 3220 4215 dare

774 4290 1100 4362 possum.
1132 4264 1276 4335 Pro
1317 4265 1767 4335 lineamento
1802 4265 2104 4336 maioris
2125 4266 2365 4337 ualeat
2399 4265 2671 4337 laboris
2707 4268 3155 4367 suscipiendi
3198 4294 3213 4341 ε

771 4388 897 4485 qui
969 4399 1050 4458 ut
1119 4388 1544 4460 absoluatur
1624 4389 1954 4487 lapidum
2018 4391 2618 4489 transcriptiones
2690 4392 3217 4491 chartaceaque
