3692 5643
754 663 846 734 46
1708 690 1799 736 DE
1851 688 2237 736 Dssmvnols

848 848 1127 921 Littera
1191 857 1241 921 C
1341 876 1413 921 u.
1471 852 1516 920 3
1578 849 1879 921 initium
1946 849 2160 921 uerbi
2243 840 2665 946 Σ[εὸαστοῦ]
2728 859 2877 936 est;
2951 849 3212 922 titulus

750 972 979 1072 igitur
1010 973 1138 1046 ille
1179 971 1616 1045 tribuendus
1646 984 1756 1045 est
1786 998 1981 1045 anno
2022 975 2192 1062 315,
2249 998 2398 1070 quo
2449 972 2632 1072 imp.
2678 954 3213 1045 Constantinus

751 1107 823 1169 et
865 1095 1293 1169 Licinianus
1324 1096 1652 1169 Licinius
1692 1101 1887 1194 Aug.
1928 1123 2117 1170 coss.
2168 1107 2513 1196 quartum
2560 1100 2881 1169 suerunt.

847 1221 1054 1305 Quae
1111 1220 1454 1320 suppleui
1503 1220 1822 1293 maxime
1869 1220 2097 1293 dubia
2131 1247 2290 1293 esse
2338 1247 2580 1320 neque
2615 1221 3212 1320 interpretationi

751 1343 1000 1418 omnia
1040 1345 1457 1417 satisfacere
1498 1371 1646 1417 non
1689 1372 1852 1417 sum
1894 1346 2210 1418 nescius.
2249 1344 2513 1418 Dicam
2546 1356 2787 1418 tamen
2813 1344 2991 1443 quid
3028 1346 3209 1418 mihi

751 1468 1139 1543 uideatur:
1189 1468 1279 1541 de
1314 1467 1715 1542 donatione
1773 1469 2094 1568 quadam
2138 1495 2310 1542 sane
2366 1470 2631 1568 agitur,
2676 1469 2806 1543 sed
2850 1471 2993 1543 hoc
3025 1498 3211 1573 'mea

751 1591 1051 1691 quidem
1105 1594 1471 1666 sententia
1531 1620 1689 1666 rem
1743 1581 1919 1666 facit
1975 1594 2401 1693 ancipitem,
2459 1593 2778 1667 eundem
2827 1597 3209 1669 hominem

752 1743 909 1789 esse
948 1717 1078 1816 qui
1124 1716 1603 1791 donationem
1656 1718 1860 1792 illam
1920 1718 2449 1792 instituendam
2490 1718 2893 1792 declarauit
2943 1732 3014 1793 et
3080 1721 3211 1819 qui

750 1851 1142 1941 propterea
1182 1841 1379 1941 quod
1423 1842 1831 1942 demiurgis
1870 1854 2202 1942 praeerat
2228 1841 2320 1914 de
2343 1869 2426 1914 ea
2462 1843 2626 1942 ipsa
2651 1843 3208 1942 derogationem

751 1965 945 2038 tulit.
992 1968 1239 2066 Atque
1291 1966 1619 2065 primum
1677 1967 2068 2066 pecuniam
2125 1976 2352 2042 totam
2392 1967 2469 2039 in
2510 1968 2758 2067 aliqua
2803 1995 2908 2040 re.
2937 1996 3210 2046 consu-

752 2089 1099 2162 mendam
1140 2116 1299 2162 esse
1341 2092 1603 2180 uoluit,
1652 2093 1859 2164 uelut
1906 2092 2248 2165 sollemni
2285 2092 2608 2190 quodam
2644 2118 2897 2180 sacr03
2934 2093 3204 2167 deinde

751 2212 1143 2287 dimidium
1198 2215 1456 2287 saltem
1513 2214 1799 2288 detrahi
1840 2217 2120 2316 placuit
2171 2227 2245 2290 et
2292 2217 2368 2288 in
2410 2235 2627 2291 usum
2685 2217 3064 2316 publicum
3103 2220 3204 2292 ita

751 2339 1034 2411 seruari
1069 2350 1148 2411 ut
1180 2339 1604 2413 lauarentur
1647 2339 1936 2414 balnea.
1974 2341 2121 2414 Sed
2145 2341 2775 2440 quemadmodum
2805 2343 2882 2413 in
2912 2343 3208 2415 uniuer-

754 2488 918 2535 sum
956 2462 1141 2565 mihi
1197 2464 1453 2562 liquet,
1512 2465 1618 2537 sic
1672 2465 1750 2537 in
1799 2466 2110 2563 singulis
2139 2467 2435 2555 haereo,
2491 2465 3082 2565 paucissimaque
3119 2466 3209 2538 de

752 2586 861 2659 eis
882 2613 1069 2684 quae
1095 2585 1330 2660 adieci
1357 2614 1779 2662 asseuerare
1802 2590 2141 2662 audeam.
2179 2589 2418 2662 Etiam
2443 2588 2534 2662 de
2553 2590 2932 2662 nonnullis
2961 2590 3210 2665 uerbis

752 2716 940 2809 quae
959 2720 1269 2783 aetatem
1298 2713 1625 2785 tulerunt
1645 2713 1829 2785 nihil
1856 2714 2091 2788 habeo
2117 2712 2317 2813 quod
2338 2739 2748 2813 proponam
2773 2737 2788 2787 :
2812 2713 2990 2813 quid
3010 2714 3209 2787 enim

753 2834 902 2908 sint
944 2835 1110 2908 illae
1151 2835 1552 2935 σινπλαρίαι
1605 2841 1748 2933 (=
1799 2838 2045 2913 ἁπλῶν
2102 2867 2173 2911 u.
2227 2841 2301 2936 9)
2360 2840 2547 2912 scire
2587 2840 2840 2928 uelim,
2890 2839 3206 2913 uerbum

753 2968 1000 3032 autem
1033 2957 1126 3030 ab
1160 2960 1480 3059 leiauo
1519 2972 1805 3036 tantum
1865 2962 2317 3037 uenditionis
2364 2962 2658 3035 cuidam
2711 2962 2964 3062 generi
2998 2963 3212 3036 adhi-

754 3082 971 3155 betur
999 3109 1241 3182 neque
1267 3084 1356 3156 de
1387 3087 1713 3198 nummis
1737 3113 2047 3187 usquam
2071 3098 2495 3186 usurpatur.
2515 3089 2761 3186 Atque
2785 3087 3007 3160 etiam
3032 3086 3210 3185 quid

754 3233 828 3279 u.
890 3208 978 3278 17
1019 3206 1474 3305 significetur
1512 3210 1949 3283 condicione
2003 3211 2129 3283 illa
2184 3211 2541 3310 pecuniae
2594 3211 2671 3282 in
2704 3237 2980 3283 annum
3037 3211 3213 3284 reti·
3279 3295 3288 3300 ¹

753 3329 1036 3403 nendae
1078 3341 1149 3403 et
1188 3333 1561 3430 quomodo
1624 3337 1765 3407 hoc
1824 3362 1995 3408 cum
2053 3335 2317 3408 ceteris
2383 3347 2745 3432 congruat
2777 3334 3053 3408 nescio,

852 3457 1099 3527 Vnum
1166 3466 1362 3528 certe
1417 3456 1988 3549 demonstratur,
2057 3460 2260 3559 quod
2333 3460 2482 3532 iam
2542 3459 2721 3548 dixi,
2786 3459 3211 3556 demiurgos

754 3578 977 3653 rebus
1047 3579 1392 3653 ciuilibus
1458 3579 1758 3681 operam
1810 3584 2130 3656 maxime
2200 3579 2615 3656 nauauisse.
2693 3585 2947 3682 Neque
3016 3582 3211 3656 obici

756 3714 998 3803 potest
1053 3730 1179 3776 eos
1225 3703 1316 3777 de
1374 3706 1772 3780 donatione
1822 3707 1989 3780 ideo
2043 3707 2643 3807 pronuntiauisse
2701 3708 2902 3806 quod
2953 3733 3211 3780 eorum

754 3833 1156 3935 προστάτης
1198 3828 1395 3908 idem
1447 3844 1601 3905 erat
1645 3832 1774 3931 qui
1816 3835 2206 3931 pecuniam
2257 3858 2463 3904 suam
2506 3841 2948 3925 testamento
2991 3831 3215 3904 relin-

757 3960 1127 4060 quendam
1177 3957 1504 4032 curabat.
1542 3958 1731 4029 Nam
1787 3956 1849 4029 si
1897 3956 2082 4028 alius
2138 3956 2324 4029 ciuis
2377 3966 2594 4045 esset,
2670 3956 2759 4027 de
2818 3954 3214 4030 donatione
3293 4034 3298 4038 ,

759 4083 1243 4157 nihilominus
1298 4081 1752 4155 decreuisset
1833 4080 2255 4179 collegium.
2365 4082 2645 4178 Itaque,
2728 4079 2856 4154 illo
2913 4104 3213 4178 quoque
3292 4122 3298 4129 -

759 4315 972 4369 frontis
1002 4314 1206 4387 templi
1246 4320 1306 4368 et
1342 4314 1539 4386 magni
1569 4312 1790 4380 altaris»,
1829 4311 2020 4383 quoad
2051 4311 2123 4365 ex'
2151 4311 2299 4365 locis
2330 4311 2432 4363 ubi
2461 4311 2787 4383 fragmenta
2825 4310 3041 4364 effossa
3077 4315 3218 4363 sunt

761 4404 964 4471 sciam,
999 4404 1188 4475 posita
1226 4404 1356 4457 fuit.
1400 4403 1463 4455 In
1496 4404 1608 4456 hoc
1634 4402 1806 4455 titulo
1828 4400 2191 4454 enucleando
2219 4417 2336 4453 non
2363 4400 2506 4453 nihil
2535 4400 2770 4454 adiutus
2787 4399 2870 4452 fui
2895 4399 2969 4452 ab
2997 4399 3218 4454 doctis-

760 4494 910 4548 simo
943 4483 1132 4546 amico
1165 4493 1230 4547 P.
1259 4493 1531 4563 Jouguet.
3119 4499 3123 4503 “

3648 5575 3655 5612 1
