3692 5643
1 4427 14 4440 fi
0 4273 14 4366 τ’,

1128 564 1214 608 DE
1268 562 1832 609 AMPchYoNVM
1886 563 2293 609 EPIMELETIS
2843 539 2936 609 53

479 727 610 787 est.
678 720 1180 812 Augustorum
1234 716 1723 786 sacerdotium
1771 715 1846 786 in
1893 715 2153 814 primis
2202 715 2395 802 dico,
2453 743 2599 813 quo
2640 718 2934 789 functos

480 867 637 912 esse
666 840 1112 913 Cleandrum
1142 841 1190 929 ¹,
1213 840 1743 912 Cleomachum
1767 841 1820 928 2,
1856 839 2313 936 Megalinum
2342 842 2367 883 3
2394 850 2594 910 certo
2628 842 2926 914 scimus,

465 966 740 1062 'Nullus
794 974 1039 1035 autem
1101 963 1248 1035 iam
1318 973 1485 1062 post
1551 963 1961 1034 Domitiani
1999 973 2330 1061 tempora
2374 966 2739 1062 ἀρχιερεὺς
2790 971 2931 1038 τῶν

479 1089 858 1194 Σεβαστῶν
940 1097 1239 1168 uidetur
1278 1098 1711 1194 nuncupari.
1750 1097 2160 1169 Eubiotum
2197 1097 2223 1141 4
2256 1097 2451 1169 enim
2478 1099 2930 1170 sacerdotem

478 1223 984 1319 Augustorum
1009 1222 1232 1293 fuisse
1249 1232 1535 1293 constat
1555 1222 1681 1292 sed
1705 1221 1897 1319 apud
1936 1221 1998 1290 Η
2010 1231 2388 1318 ypatanS‚
2419 1248 2563 1293 non
2590 1222 2925 1321 Delphis,

481 1347 872 1417 Praeterea
930 1344 1229 1416 Cassius
1288 1346 1640 1441 Petraeus
1704 1345 1966 1416 eodem
2017 1345 2319 1416 nomine
2370 1372 2516 1442 quo
2571 1346 2931 1419 Eubiotus

479 1471 841 1570 ἀρχιερεὺς
870 1470 977 1540 ἐπὶ
1006 1483 1151 1552 τοῖς
1190 1461 1344 1541 δυσὶ
1389 1467 1751 1568 στεφάνοις
1790 1471 2193 1541 honoratus
2234 1479 2342 1541 est
2380 1471 2404 1513 5
2447 1480 2542 1559 et.
2588 1472 2930 1568 quamuis

475 1595 730 1665 titulus
771 1594 1081 1691 Delphis
1117 1582 1452 1665 exaratus
1489 1594 1605 1675 sit,
1650 1594 1845 1664 haud
1884 1594 2033 1665 scio
2079 1620 2172 1664 an
2213 1593 2527 1689 dignitas
2568 1594 2927 1691 quaedam

475 1718 670 1816 apud
715 1718 1141 1816 Hypataeos
1175 1718 1485 1815 insignis
1534 1719 1655 1789 hic
1702 1744 1998 1815 quoque
2041 1718 2492 1814 designetur.
2561 1720 2746 1790 Vtut
2784 1730 2920 1805 est,

477 1869 625 1913 non
682 1844 839 1913 hoc-
890 1842 1225 1913 conicere
1294 1841 1528 1912 audeo
1586 1845 2093 1939 Augustorum
2159 1842 2652 1913 sacerdotium
2719 1843 2929 1940 quasi

475 1966 889 2037 necessario
931 1966 1342 2064 epimeletis
1381 1944 2019 2065 Amphictyonum
2058 1966 2155 2035 ita
2200 1966 2662 2063 impertitum
2702 1968 2927 2039 fuisse

477 2101 554 2162 ut
592 2118 683 2161 ne
725 2117 910 2188 opus
941 2090 1241 2187 quidem
1283 2100 1474 2162 esset
1504 2091 1684 2160 illud
1732 2116 2146 2161 memorare
2188 2091 2799 2188 quotiescumque
2836 2091 2924 2162 de

474 2215 590 2285 his
647 2225 1009 2311 ageretur.
1072 2215 1331 2286 Potius
1394 2241 1567 2285 sane
1654 2212 2126 2304 inferendum
2200 2214 2495 2285 uidetur
2564 2216 2693 2287 has
2745 2215 2924 2288 duas

476 2338 863 2435 dignitates
913 2366 1060 2409 non
1121 2339 1255 2409 rite
1315 2339 1391 2409 in
1445 2338 1818 2426 omnibus,
1882 2339 2011 2409 sed
2070 2340 2374 2410 fortasse
2432 2339 2507 2408 in
2549 2341 2925 2411 nonnullis

475 2463 899 2534 hominibus
967 2464 1397 2535 coniunctas
1466 2463 1820 2543 extitisse.
1885 2463 2109 2534 Plura
2184 2489 2362 2534 uero
2443 2463 2561 2534 hic
2628 2490 2923 2561 quoque

472 2588 740 2658 desunt
776 2613 997 2684 quam
1030 2599 1103 2659 ut
1139 2588 1544 2686 quidquam
1575 2597 1851 2659 temere
1881 2587 2329 2658 adfirmetur.

572 2713 665 2782 Et
704 2713 943 2809 primo
981 2713 1328 2810 adspectu
1370 2712 1729 2783 habemus
1770 2738 1901 2783 cur
1941 2712 2138 2782 idem
2176 2713 2510 2784 dicamus
2543 2713 2661 2783 uel
2681 2714 2922 2811 potius

472 2848 844 2909 taceamus
924 2838 1012 2908 de
1098 2836 1221 2908 illa
1306 2836 1650 2907 ludorum
1735 2836 2344 2908 celebrandorum
2441 2864 2612 2908 cura
2699 2865 2920 2935 quam

471 2961 939 3060 ἀγωνοθεσίάν
980 2969 1118 3034 τῶν
1153 2953 1436 3032 Πυθίων
1493 2960 1881 3032 uocabant.
1941 2963 2108 3032 Non
2173 2962 2369 3046 enim
2431 2988 2690 3033 omnes
2735 2968 2947 3060 quos

471 3087 816 3157 nouimus
858 3086 1290 3184 epimeletae
1341 3085 1560 3155 simul
1617 3085 2043 3183 ἀγωνοθέται
2101 3087 2563 3184 appellantur
2603 3089 2652 3158 6.
2705 3087 2917 3158 Adde

472 3210 669 3305 quod
714 3210 1016 3308 plurimi
1056 3237 1309 3281 eorum
1361 3210 1489 3306 qui
1537 3210 1819 3306 origine
1873 3199 2371 3308 Nicopolitani
2444 3221 2653 3298 erant
2703 3211 2917 3283 ludos

472 3334 815 3405 Actiacos
856 3345 1071 3430 atque
1116 3335 1239 3405 alii
1284 3335 1466 3406 alios
1505 3345 1879 3423 rexerunt,
1934 3336 2037 3405 nil
2081 3361 2257 3406 uero
2295 3337 2439 3406 huc
2479 3336 2757 3408 faciunt
2795 3336 2917 3409 illa

469 3483 801 3529 munera.
856 3458 999 3530 Sed
1078 3485 1247 3529 cum
1313 3459 1580 3556 Pythia
1651 3458 2126 3556 imperatoria
2205 3470 2435 3530 aetate
2478 3460 2789 3531 ,maximi
2847 3471 2919 3544 et

541 3737 591 3786 1.
634 3735 794 3788 BCH
820 3736 919 3786 XX
941 3753 995 3806 p.
1031 3737 1153 3802 710,
1189 3754 1243 3790 n.
1276 3737 1433 3789 3455.

539 3826 591 3877 2.
637 3824 784 3891 Syll.
820 3826 939 3878 372.

539 3914 587 3966 3.
631 3913 787 3964 BCH
812 3913 910 3963 XX
940 3931 995 3983 p.
1027 3916 1149 3979 720,
1178 3932 1233 3966 n.
1268 3915 1424 3968 3959.

539 4003 589 4055 4.
636 4002 792 4054 BCH
812 4002 936 4053 XXI
970 4020 1022 4072 p.
1064 4004 1184 4056 153.
1237 4003 1417 4055 Cuius
1468 4004 1620 4055 tituli
1665 4023 1720 4058 u.
1792 4005 1857 4056 10
1909 4021 2265 4074 praenomen
2313 4003 2558 4073 Δ[έκμ]ου
2603 4003 2913 4056 manifesto

468 4091 858 4160 supplendum
881 4098 990 4144 est.

539 4180 589 4232 ὃ.
636 4180 918 4246 Pomtow,
952 4181 1248 4250 Beitraegye
1272 4199 1337 4233 z.-
1368 4182 1426 4234 T.
1460 4198 1509 4232 v.
1539 4181 1609 4234 D.
1641 4200 1695 4251 p.
1734 4183 1856 4234 122.

537 4271 588 4321 6.
621 4269 835 4338 Neque
884 4287 951 4320 ex
990 4270 1281 4321 contrario
1321 4269 1626 4322 adfirmare
1668 4271 1845 4322 uelim
1892 4287 2096 4322 omnes
2133 4270 2228 4339 qui
2276 4270 2577 4339 ἀγωνοθέται
2617 4269 2907 4336 dicuntur,

466 4374 519 4410 6.
553 4375 607 4427 g.
644 4354 933 4425 Αύτάφιλον
964 4357 1090 4410 CIG
1120 4360 1275 4426 1717,
1311 4375 1513 4411 reuera
1547 4359 1892 4428 epimeletas
1924 4360 2125 4411 fuisse.
2604 4359 2607 4362 ’
