<?xml version="1.0" encoding="UTF-8"?>
<!DOCTYPE html PUBLIC "-//W3C//DTD XHTML 1.0 Transitional//EN"
    "http://www.w3.org/TR/xhtml1/DTD/xhtml1-transitional.dtd">
<html xmlns="http://www.w3.org/1999/xhtml" xml:lang="en" lang="en">
 <head>
  <title>
</title>
<meta http-equiv="Content-Type" content="text/html;charset=utf-8" />
  <meta name='ocr-system' content='tesseract 3.04.00' />
  <meta name='ocr-capabilities' content='ocr_page ocr_carea ocr_par ocr_line ocrx_word'/>
</head>
<body>
  <div class='ocr_page' id='page_1' title='image "./derebusdelphici01bourgoog_0017.png"; bbox 0 0 3692 5643; ppageno 0'>
   <div class='ocr_carea' id='block_1_1' title="bbox 1523 633 2945 704">
    <p class='ocr_par' dir='ltr' id='par_1_1' title="bbox 1523 633 2945 704">
     <span class='ocr_line' id='line_1_1' title="bbox 1523 633 2945 704; baseline 0.001 -4"><span class='ocrx_word' id='word_1_1' title='bbox 1523 656 1919 704; x_wconf 72' lang='lat' dir='ltr'>PRAEFA&#39;mo</span> <span class='ocrx_word' id='word_1_2' title='bbox 2901 633 2945 702; x_wconf 82' lang='lat'>9</span> 
     </span>
    </p>
   </div>
   <div class='ocr_carea' id='block_1_2' title="bbox 496 807 2990 3272">
    <p class='ocr_par' dir='ltr' id='par_1_2' title="bbox 496 807 2951 1530">
     <span class='ocr_line' id='line_1_2' title="bbox 500 807 2949 908; baseline -0 -28"><span class='ocrx_word' id='word_1_3' title='bbox 500 809 696 908; x_wconf 92' lang='lat' dir='ltr'>quod</span> <span class='ocrx_word' id='word_1_4' title='bbox 726 817 975 880; x_wconf 91' lang='lat' dir='ltr'>nostra</span> <span class='ocrx_word' id='word_1_5' title='bbox 1005 807 1327 879; x_wconf 88' lang='lat' dir='ltr'>fossione</span> <span class='ocrx_word' id='word_1_6' title='bbox 1363 807 1438 879; x_wconf 91' lang='lat' dir='ltr'>in</span> <span class='ocrx_word' id='word_1_7' title='bbox 1472 809 1702 879; x_wconf 87' lang='lat' dir='ltr'>solem</span> <span class='ocrx_word' id='word_1_8' title='bbox 1738 810 2179 907; x_wconf 83' lang='lat' dir='ltr'>productum</span> <span class='ocrx_word' id='word_1_9' title='bbox 2213 820 2323 880; x_wconf 93' lang='lat' dir='ltr'>est</span> <span class='ocrx_word' id='word_1_10' title='bbox 2371 834 2386 881; x_wconf 90' lang='lat'>:</span> <span class='ocrx_word' id='word_1_11' title='bbox 2426 810 2632 881; x_wconf 88' lang='lat' dir='ltr'>frons</span> <span class='ocrx_word' id='word_1_12' title='bbox 2670 809 2949 881; x_wconf 91' lang='lat' dir='ltr'>cincin-</span> 
     </span>
     <span class='ocr_line' id='line_1_3' title="bbox 505 932 2948 1033; baseline -0.001 -29"><span class='ocrx_word' id='word_1_13' title='bbox 505 935 698 1005; x_wconf 90' lang='lat' dir='ltr'>nulis</span> <span class='ocrx_word' id='word_1_14' title='bbox 742 933 927 1007; x_wconf 90' lang='lat' dir='ltr'>raris</span> <span class='ocrx_word' id='word_1_15' title='bbox 959 958 1107 1003; x_wconf 92' lang='lat' dir='ltr'>non</span> <span class='ocrx_word' id='word_1_16' title='bbox 1144 943 1292 1003; x_wconf 87' lang='lat' dir='ltr'>tam</span> <span class='ocrx_word' id='word_1_17' title='bbox 1345 942 1730 1029; x_wconf 86' lang='lat' dir='ltr'>angustata</span> <span class='ocrx_word' id='word_1_18' title='bbox 1775 959 1997 1030; x_wconf 90' lang='lat' dir='ltr'>quam</span> <span class='ocrx_word' id='word_1_19' title='bbox 2047 934 2628 1033; x_wconf 82' lang='lat' dir='ltr'>circumscripta,</span> <span class='ocrx_word' id='word_1_20' title='bbox 2703 932 2948 1005; x_wconf 89' lang='lat' dir='ltr'>tenui-</span> 
     </span>
     <span class='ocr_line' id='line_1_4' title="bbox 498 1056 2945 1157; baseline -0 -28"><span class='ocrx_word' id='word_1_21' title='bbox 498 1058 705 1130; x_wconf 92' lang='lat' dir='ltr'>culus</span> <span class='ocrx_word' id='word_1_22' title='bbox 786 1057 1059 1144; x_wconf 61' lang='lat' dir='ltr'>uultm,</span> <span class='ocrx_word' id='word_1_23' title='bbox 1147 1082 1350 1128; x_wconf 91' lang='lat' dir='ltr'>acres</span> <span class='ocrx_word' id='word_1_24' title='bbox 1412 1057 1633 1145; x_wconf 76' lang='lat' dir='ltr'>oculi,</span> <span class='ocrx_word' id='word_1_25' title='bbox 1717 1056 1947 1129; x_wconf 91' lang='lat' dir='ltr'>barba</span> <span class='ocrx_word' id='word_1_26' title='bbox 2022 1084 2113 1129; x_wconf 92' lang='lat' dir='ltr'>ne</span> <span class='ocrx_word' id='word_1_27' title='bbox 2190 1058 2567 1157; x_wconf 83' lang='lat' dir='ltr'>superiore</span> <span class='ocrx_word' id='word_1_28' title='bbox 2647 1057 2945 1154; x_wconf 91' lang='lat' dir='ltr'>quidem</span> 
     </span>
     <span class='ocr_line' id='line_1_5' title="bbox 496 1180 2951 1280; baseline -0 -27"><span class='ocrx_word' id='word_1_29' title='bbox 496 1181 705 1253; x_wconf 87' lang='lat' dir='ltr'>labro</span> <span class='ocrx_word' id='word_1_30' title='bbox 740 1181 1140 1253; x_wconf 85' lang='lat' dir='ltr'>admodum</span> <span class='ocrx_word' id='word_1_31' title='bbox 1160 1180 1442 1268; x_wconf 81' lang='lat' dir='ltr'>abrasa,</span> <span class='ocrx_word' id='word_1_32' title='bbox 1491 1207 1762 1279; x_wconf 90' lang='lat' dir='ltr'>paruae</span> <span class='ocrx_word' id='word_1_33' title='bbox 1796 1208 2034 1271; x_wconf 87' lang='lat' dir='ltr'>aures,</span> <span class='ocrx_word' id='word_1_34' title='bbox 2092 1209 2314 1255; x_wconf 90' lang='lat' dir='ltr'>nasus</span> <span class='ocrx_word' id='word_1_35' title='bbox 2364 1181 2638 1254; x_wconf 86' lang='lat' dir='ltr'>affatim</span> <span class='ocrx_word' id='word_1_36' title='bbox 2675 1181 2951 1280; x_wconf 88' lang='lat' dir='ltr'>promi-</span> 
     </span>
     <span class='ocr_line' id='line_1_6' title="bbox 498 1295 2950 1405; baseline -0 -28"><span class='ocrx_word' id='word_1_37' title='bbox 498 1333 715 1393; x_wconf 80' lang='lat' dir='ltr'>nenS,</span> <span class='ocrx_word' id='word_1_38' title='bbox 776 1305 1026 1377; x_wconf 90' lang='lat' dir='ltr'>omnia</span> <span class='ocrx_word' id='word_1_39' title='bbox 1078 1306 1181 1377; x_wconf 88' lang='lat' dir='ltr'>ita</span> <span class='ocrx_word' id='word_1_40' title='bbox 1236 1305 1328 1376; x_wconf 90' lang='lat' dir='ltr'>ad</span> <span class='ocrx_word' id='word_1_41' title='bbox 1391 1332 1716 1402; x_wconf 86' lang='lat' dir='ltr'>unguem</span> <span class='ocrx_word' id='word_1_42' title='bbox 1762 1306 2159 1395; x_wconf 84' lang='lat' dir='ltr'>elaborata,</span> <span class='ocrx_word' id='word_1_43' title='bbox 2216 1295 2305 1378; x_wconf 27' lang='lat' dir='ltr'>’ut</span> <span class='ocrx_word' id='word_1_44' title='bbox 2358 1307 2712 1379; x_wconf 87' lang='lat' dir='ltr'>artificem</span> <span class='ocrx_word' id='word_1_45' title='bbox 2765 1332 2950 1405; x_wconf 93' lang='lat' dir='ltr'>opus</span> 
     </span>
     <span class='ocr_line' id='line_1_7' title="bbox 501 1428 2931 1530; baseline 0.001 -29"><span class='ocrx_word' id='word_1_46' title='bbox 501 1429 837 1529; x_wconf 83' lang='lat' dir='ltr'>proxime</span> <span class='ocrx_word' id='word_1_47' title='bbox 857 1429 946 1502; x_wconf 88' lang='lat' dir='ltr'>ad</span> <span class='ocrx_word' id='word_1_48' title='bbox 978 1429 1364 1501; x_wconf 89' lang='lat' dir='ltr'>ueritatem</span> <span class='ocrx_word' id='word_1_49' title='bbox 1399 1428 1790 1502; x_wconf 88' lang='lat' dir='ltr'>adduxisse</span> <span class='ocrx_word' id='word_1_50' title='bbox 1824 1432 2045 1502; x_wconf 89' lang='lat' dir='ltr'>etiam</span> <span class='ocrx_word' id='word_1_51' title='bbox 2078 1458 2275 1503; x_wconf 88' lang='lat' dir='ltr'>nunc</span> <span class='ocrx_word' id='word_1_52' title='bbox 2304 1431 2633 1503; x_wconf 88' lang='lat' dir='ltr'>iudicare</span> <span class='ocrx_word' id='word_1_53' title='bbox 2671 1431 2931 1530; x_wconf 78' lang='lat' dir='ltr'>possis,</span> 
     </span>
    </p>

    <p class='ocr_par' dir='ltr' id='par_1_3' title="bbox 498 1540 2990 2522">
     <span class='ocr_line' id='line_1_8' title="bbox 596 1540 2990 1651; baseline 0 -27"><span class='ocrx_word' id='word_1_54' title='bbox 596 1556 679 1625; x_wconf 92' lang='lat' dir='ltr'>In</span> <span class='ocrx_word' id='word_1_55' title='bbox 759 1554 995 1625; x_wconf 90' lang='lat' dir='ltr'>maius</span> <span class='ocrx_word' id='word_1_56' title='bbox 1050 1580 1224 1625; x_wconf 89' lang='lat' dir='ltr'>sane</span> <span class='ocrx_word' id='word_1_57' title='bbox 1280 1555 1803 1626; x_wconf 86' lang='lat' dir='ltr'>extolleremus</span> <span class='ocrx_word' id='word_1_58' title='bbox 1871 1556 2259 1627; x_wconf 89' lang='lat' dir='ltr'>hominum</span> <span class='ocrx_word' id='word_1_59' title='bbox 2325 1556 2767 1628; x_wconf 84' lang='lat' dir='ltr'>industriam</span> <span class='ocrx_word' id='word_1_60' title='bbox 2820 1540 2990 1651; x_wconf 52' lang='lat' dir='ltr'>qui*</span> 
     </span>
     <span class='ocr_line' id='line_1_9' title="bbox 503 1678 2949 1778; baseline -0 -28"><span class='ocrx_word' id='word_1_61' title='bbox 503 1678 1013 1750; x_wconf 89' lang='lat' dir='ltr'>Romanorum</span> <span class='ocrx_word' id='word_1_62' title='bbox 1102 1680 1633 1776; x_wconf 88' lang='lat' dir='ltr'>imperatorum</span> <span class='ocrx_word' id='word_1_63' title='bbox 1703 1689 1934 1750; x_wconf 86' lang='lat' dir='ltr'>aetate</span> <span class='ocrx_word' id='word_1_64' title='bbox 2018 1680 2329 1778; x_wconf 83' lang='lat' dir='ltr'>Delphis</span> <span class='ocrx_word' id='word_1_65' title='bbox 2415 1679 2787 1767; x_wconf 86' lang='lat' dir='ltr'>uixerunt,</span> <span class='ocrx_word' id='word_1_66' title='bbox 2887 1679 2949 1749; x_wconf 88' lang='lat' dir='ltr'>si</span> 
     </span>
     <span class='ocr_line' id='line_1_10' title="bbox 502 1802 2951 1902; baseline -0 -28"><span class='ocrx_word' id='word_1_67' title='bbox 502 1829 757 1874; x_wconf 89' lang='lat' dir='ltr'>eorum</span> <span class='ocrx_word' id='word_1_68' title='bbox 827 1803 1162 1899; x_wconf 91' lang='lat' dir='ltr'>reliquiis</span> <span class='ocrx_word' id='word_1_69' title='bbox 1224 1802 1476 1874; x_wconf 85' lang='lat' dir='ltr'>omnia</span> <span class='ocrx_word' id='word_1_70' title='bbox 1542 1803 2045 1901; x_wconf 78' lang='lat' dir='ltr'>antiquiorum</span> <span class='ocrx_word' id='word_1_71' title='bbox 2125 1815 2544 1902; x_wconf 91' lang='lat' dir='ltr'>temporum</span> <span class='ocrx_word' id='word_1_72' title='bbox 2640 1803 2951 1900; x_wconf 86' lang='lat' dir='ltr'>uestigia</span> 
     </span>
     <span class='ocr_line' id='line_1_11' title="bbox 502 1917 2952 2026; baseline 0 -29"><span class='ocrx_word' id='word_1_73' title='bbox 502 1938 754 2026; x_wconf 86' lang='lat' dir='ltr'>operta</span> <span class='ocrx_word' id='word_1_74' title='bbox 812 1917 1027 2026; x_wconf 88' lang='lat' dir='ltr'>atque</span> <span class='ocrx_word' id='word_1_75' title='bbox 1083 1927 1346 1999; x_wconf 90' lang='lat' dir='ltr'>obruta</span> <span class='ocrx_word' id='word_1_76' title='bbox 1398 1953 1554 1998; x_wconf 91' lang='lat' dir='ltr'>esse</span> <span class='ocrx_word' id='word_1_77' title='bbox 1596 1928 2237 2000; x_wconf 77' lang='lat' dir='ltr'>contenderemus,</span> <span class='ocrx_word' id='word_1_78' title='bbox 2286 1927 2462 1999; x_wconf 90' lang='lat' dir='ltr'>Illae</span> <span class='ocrx_word' id='word_1_79' title='bbox 2498 1937 2742 1999; x_wconf 89' lang='lat' dir='ltr'>tamen</span> <span class='ocrx_word' id='word_1_80' title='bbox 2783 1927 2952 1998; x_wconf 91' lang='lat' dir='ltr'>reli-</span> 
     </span>
     <span class='ocr_line' id='line_1_12' title="bbox 498 2051 2948 2150; baseline 0 -28"><span class='ocrx_word' id='word_1_81' title='bbox 498 2052 709 2148; x_wconf 81' lang='lat' dir='ltr'>quiae</span> <span class='ocrx_word' id='word_1_82' title='bbox 748 2053 1056 2150; x_wconf 86' lang='lat' dir='ltr'>Delphis</span> <span class='ocrx_word' id='word_1_83' title='bbox 1095 2051 1286 2123; x_wconf 91' lang='lat' dir='ltr'>sicut</span> <span class='ocrx_word' id='word_1_84' title='bbox 1325 2052 1669 2123; x_wconf 87' lang='lat' dir='ltr'>Eleusine</span> <span class='ocrx_word' id='word_1_85' title='bbox 1709 2063 1994 2124; x_wconf 80' lang='lat' dir='ltr'>crustae</span> <span class='ocrx_word' id='word_1_86' title='bbox 2028 2052 2247 2123; x_wconf 91' lang='lat' dir='ltr'>modo</span> <span class='ocrx_word' id='word_1_87' title='bbox 2288 2052 2551 2124; x_wconf 89' lang='lat' dir='ltr'>ceteris</span> <span class='ocrx_word' id='word_1_88' title='bbox 2591 2078 2948 2150; x_wconf 89' lang='lat' dir='ltr'>superpo-</span> 
     </span>
     <span class='ocr_line' id='line_1_13' title="bbox 500 2176 2945 2274; baseline 0 -28"><span class='ocrx_word' id='word_1_89' title='bbox 500 2176 678 2246; x_wconf 87' lang='lat' dir='ltr'>sitae</span> <span class='ocrx_word' id='word_1_90' title='bbox 717 2187 914 2261; x_wconf 77' lang='lat' dir='ltr'>sunt,</span> <span class='ocrx_word' id='word_1_91' title='bbox 960 2203 1129 2248; x_wconf 89' lang='lat' dir='ltr'>nam</span> <span class='ocrx_word' id='word_1_92' title='bbox 1173 2177 1481 2248; x_wconf 79' lang='lat' dir='ltr'>fodienti</span> <span class='ocrx_word' id='word_1_93' title='bbox 1523 2177 1727 2274; x_wconf 90' lang='lat' dir='ltr'>prius</span> <span class='ocrx_word' id='word_1_94' title='bbox 1779 2176 2077 2248; x_wconf 88' lang='lat' dir='ltr'>obuiam</span> <span class='ocrx_word' id='word_1_95' title='bbox 2143 2178 2351 2265; x_wconf 82' lang='lat' dir='ltr'>fiunt,</span> <span class='ocrx_word' id='word_1_96' title='bbox 2408 2188 2486 2249; x_wconf 92' lang='lat' dir='ltr'>ut</span> <span class='ocrx_word' id='word_1_97' title='bbox 2533 2176 2632 2248; x_wconf 92' lang='lat' dir='ltr'>ita</span> <span class='ocrx_word' id='word_1_98' title='bbox 2680 2176 2945 2262; x_wconf 86' lang='lat' dir='ltr'>dicam,</span> 
     </span>
     <span class='ocr_line' id='line_1_14' title="bbox 506 2298 2955 2400; baseline -0.001 -29"><span class='ocrx_word' id='word_1_99' title='bbox 506 2300 850 2389; x_wconf 82' lang='lat' dir='ltr'>Romani,</span> <span class='ocrx_word' id='word_1_100' title='bbox 911 2298 1079 2372; x_wconf 92' lang='lat' dir='ltr'>dein</span> <span class='ocrx_word' id='word_1_101' title='bbox 1143 2301 1437 2391; x_wconf 83' lang='lat' dir='ltr'>Graeci,</span> <span class='ocrx_word' id='word_1_102' title='bbox 1479 2327 1793 2398; x_wconf 90' lang='lat' dir='ltr'>quorum</span> <span class='ocrx_word' id='word_1_103' title='bbox 1838 2327 2072 2400; x_wconf 89' lang='lat' dir='ltr'>pauca</span> <span class='ocrx_word' id='word_1_104' title='bbox 2125 2329 2271 2373; x_wconf 95' lang='lat' dir='ltr'>non</span> <span class='ocrx_word' id='word_1_105' title='bbox 2332 2311 2774 2374; x_wconf 86' lang='lat' dir='ltr'>commutata</span> <span class='ocrx_word' id='word_1_106' title='bbox 2848 2299 2955 2370; x_wconf 91' lang='lat' dir='ltr'>illi</span> 
     </span>
     <span class='ocr_line' id='line_1_15' title="bbox 500 2425 1201 2522; baseline 0.006 -27"><span class='ocrx_word' id='word_1_107' title='bbox 500 2425 892 2522; x_wconf 90' lang='lat' dir='ltr'>reliquere.</span> <span class='ocrx_word' id='word_1_108' title='bbox 1198 2510 1201 2511; x_wconf 12' lang='lat'><em>⁷</em></span> 
     </span>
    </p>

    <p class='ocr_par' dir='ltr' id='par_1_4' title="bbox 497 2549 2954 3272">
     <span class='ocr_line' id='line_1_16' title="bbox 595 2549 2954 2649; baseline 0.001 -30"><span class='ocrx_word' id='word_1_109' title='bbox 595 2549 688 2620; x_wconf 90' lang='lat' dir='ltr'>Et</span> <span class='ocrx_word' id='word_1_110' title='bbox 737 2549 812 2620; x_wconf 91' lang='lat' dir='ltr'>in</span> <span class='ocrx_word' id='word_1_111' title='bbox 866 2549 1219 2622; x_wconf 90' lang='lat' dir='ltr'>aedificiis</span> <span class='ocrx_word' id='word_1_112' title='bbox 1266 2578 1453 2649; x_wconf 90' lang='lat' dir='ltr'>quae</span> <span class='ocrx_word' id='word_1_113' title='bbox 1503 2551 1779 2623; x_wconf 87' lang='lat' dir='ltr'>intacta</span> <span class='ocrx_word' id='word_1_114' title='bbox 1831 2563 2348 2637; x_wconf 81' lang='lat' dir='ltr'>seruauerunt,</span> <span class='ocrx_word' id='word_1_115' title='bbox 2398 2562 2470 2622; x_wconf 92' lang='lat' dir='ltr'>et</span> <span class='ocrx_word' id='word_1_116' title='bbox 2507 2551 2579 2622; x_wconf 91' lang='lat' dir='ltr'>in</span> <span class='ocrx_word' id='word_1_117' title='bbox 2628 2551 2732 2622; x_wconf 88' lang='lat' dir='ltr'>eis</span> <span class='ocrx_word' id='word_1_118' title='bbox 2772 2577 2954 2648; x_wconf 92' lang='lat' dir='ltr'>quo-</span> 
     </span>
     <span class='ocr_line' id='line_1_17' title="bbox 498 2674 2949 2773; baseline 0.001 -29"><span class='ocrx_word' id='word_1_119' title='bbox 498 2700 662 2745; x_wconf 90' lang='lat' dir='ltr'>rum</span> <span class='ocrx_word' id='word_1_120' title='bbox 730 2674 1059 2746; x_wconf 80' lang='lat' dir='ltr'>labantes</span> <span class='ocrx_word' id='word_1_121' title='bbox 1115 2686 1358 2773; x_wconf 91' lang='lat' dir='ltr'>partes</span> <span class='ocrx_word' id='word_1_122' title='bbox 1411 2675 1794 2747; x_wconf 84' lang='lat' dir='ltr'>restituere</span> <span class='ocrx_word' id='word_1_123' title='bbox 1854 2702 2150 2747; x_wconf 92' lang='lat' dir='ltr'>necesse</span> <span class='ocrx_word' id='word_1_124' title='bbox 2205 2675 2645 2762; x_wconf 76' lang='lat' dir='ltr'>habuerunt,</span> <span class='ocrx_word' id='word_1_125' title='bbox 2727 2686 2799 2747; x_wconf 91' lang='lat' dir='ltr'>et</span> <span class='ocrx_word' id='word_1_126' title='bbox 2873 2674 2949 2746; x_wconf 89' lang='lat' dir='ltr'>in</span> 
     </span>
     <span class='ocr_line' id='line_1_18' title="bbox 501 2798 2946 2899; baseline 0.001 -29"><span class='ocrx_word' id='word_1_127' title='bbox 501 2798 846 2871; x_wconf 90' lang='lat' dir='ltr'>omnibus</span> <span class='ocrx_word' id='word_1_128' title='bbox 878 2798 1151 2897; x_wconf 89' lang='lat' dir='ltr'>ubique</span> <span class='ocrx_word' id='word_1_129' title='bbox 1191 2798 1424 2872; x_wconf 90' lang='lat' dir='ltr'>muris</span> <span class='ocrx_word' id='word_1_130' title='bbox 1463 2827 1777 2898; x_wconf 90' lang='lat' dir='ltr'>quorum</span> <span class='ocrx_word' id='word_1_131' title='bbox 1810 2800 2152 2899; x_wconf 87' lang='lat' dir='ltr'>planities</span> <span class='ocrx_word' id='word_1_132' title='bbox 2188 2799 2582 2873; x_wconf 87' lang='lat' dir='ltr'>etiamtum</span> <span class='ocrx_word' id='word_1_133' title='bbox 2614 2798 2946 2889; x_wconf 87' lang='lat' dir='ltr'>uacabat,</span> 
     </span>
     <span class='ocr_line' id='line_1_19' title="bbox 499 2923 2950 2998; baseline -0 -3"><span class='ocrx_word' id='word_1_134' title='bbox 499 2923 838 2996; x_wconf 88' lang='lat' dir='ltr'>homines</span> <span class='ocrx_word' id='word_1_135' title='bbox 871 2924 1070 2996; x_wconf 91' lang='lat' dir='ltr'>illius</span> <span class='ocrx_word' id='word_1_136' title='bbox 1109 2924 1362 2997; x_wconf 90' lang='lat' dir='ltr'>aetatis</span> <span class='ocrx_word' id='word_1_137' title='bbox 1389 2926 1644 2997; x_wconf 89' lang='lat' dir='ltr'>titulos</span> <span class='ocrx_word' id='word_1_138' title='bbox 1685 2924 2085 2998; x_wconf 89' lang='lat' dir='ltr'>incidendo</span> <span class='ocrx_word' id='word_1_139' title='bbox 2130 2926 2454 2997; x_wconf 79' lang='lat' dir='ltr'>exsecuti</span> <span class='ocrx_word' id='word_1_140' title='bbox 2505 2936 2696 2998; x_wconf 90' lang='lat' dir='ltr'>sunt.</span> <span class='ocrx_word' id='word_1_141' title='bbox 2748 2924 2950 2996; x_wconf 92' lang='lat' dir='ltr'>Nihil</span> 
     </span>
     <span class='ocr_line' id='line_1_20' title="bbox 497 3047 2950 3149; baseline 0.001 -30"><span class='ocrx_word' id='word_1_142' title='bbox 497 3059 656 3142; x_wconf 83' lang='lat' dir='ltr'>tum</span> <span class='ocrx_word' id='word_1_143' title='bbox 696 3047 1333 3145; x_wconf 78' lang='lat' dir='ltr'>quadratariorum</span> <span class='ocrx_word' id='word_1_144' title='bbox 1356 3048 1746 3121; x_wconf 90' lang='lat' dir='ltr'>libidinem</span> <span class='ocrx_word' id='word_1_145' title='bbox 1789 3050 2044 3148; x_wconf 85' lang='lat' dir='ltr'>effugit</span> <span class='ocrx_word' id='word_1_146' title='bbox 2081 3076 2120 3121; x_wconf 91' lang='lat' dir='ltr'>a</span> <span class='ocrx_word' id='word_1_147' title='bbox 2168 3050 2391 3149; x_wconf 89' lang='lat' dir='ltr'>podio</span> <span class='ocrx_word' id='word_1_148' title='bbox 2432 3060 2505 3121; x_wconf 92' lang='lat' dir='ltr'>et</span> <span class='ocrx_word' id='word_1_149' title='bbox 2546 3048 2950 3121; x_wconf 88' lang='lat' dir='ltr'>diazomate</span> 
     </span>
     <span class='ocr_line' id='line_1_21' title="bbox 502 3172 2951 3272; baseline 0.001 -30"><span class='ocrx_word' id='word_1_150' title='bbox 502 3172 765 3243; x_wconf 84' lang='lat' dir='ltr'>theatri</span> <span class='ocrx_word' id='word_1_151' title='bbox 848 3185 1080 3270; x_wconf 84' lang='lat' dir='ltr'>&#39;usque</span> <span class='ocrx_word' id='word_1_152' title='bbox 1147 3172 1242 3244; x_wconf 90' lang='lat' dir='ltr'>ad</span> <span class='ocrx_word' id='word_1_153' title='bbox 1318 3173 1637 3271; x_wconf 87' lang='lat' dir='ltr'>capitula</span> <span class='ocrx_word' id='word_1_154' title='bbox 1720 3175 2231 3246; x_wconf 90' lang='lat' dir='ltr'>columnarum</span> <span class='ocrx_word' id='word_1_155' title='bbox 2319 3200 2505 3272; x_wconf 90' lang='lat' dir='ltr'>quae</span> <span class='ocrx_word' id='word_1_156' title='bbox 2586 3174 2951 3272; x_wconf 89' lang='lat' dir='ltr'>porticum</span> 
     </span>
    </p>
   </div>
   <div class='ocr_carea' id='block_1_3' title="bbox 498 3296 2952 3512">
    <p class='ocr_par' dir='ltr' id='par_1_5' title="bbox 498 3296 2952 3512">
     <span class='ocr_line' id='line_1_22' title="bbox 499 3296 2952 3396; baseline 0.001 -30"><span class='ocrx_word' id='word_1_157' title='bbox 499 3296 826 3367; x_wconf 86' lang='lat' dir='ltr'>thesauri</span> <span class='ocrx_word' id='word_1_158' title='bbox 856 3296 949 3368; x_wconf 89' lang='lat' dir='ltr'>ab</span> <span class='ocrx_word' id='word_1_159' title='bbox 985 3297 1565 3369; x_wconf 90' lang='lat' dir='ltr'>Atheniensibus</span> <span class='ocrx_word' id='word_1_160' title='bbox 1587 3297 1901 3370; x_wconf 88' lang='lat' dir='ltr'>dedicati</span> <span class='ocrx_word' id='word_1_161' title='bbox 1931 3298 2415 3370; x_wconf 88' lang='lat' dir='ltr'>sustinebant.</span> <span class='ocrx_word' id='word_1_162' title='bbox 2440 3299 2723 3396; x_wconf 83' lang='lat' dir='ltr'>Neque,</span> <span class='ocrx_word' id='word_1_163' title='bbox 2753 3297 2952 3395; x_wconf 93' lang='lat' dir='ltr'>quod</span> 
     </span>
     <span class='ocr_line' id='line_1_23' title="bbox 498 3410 2952 3512; baseline 0.002 -31"><span class='ocrx_word' id='word_1_164' title='bbox 498 3410 812 3482; x_wconf 90' lang='lat' dir='ltr'>saeculis</span> <span class='ocrx_word' id='word_1_165' title='bbox 888 3412 1225 3510; x_wconf 86' lang='lat' dir='ltr'>proxime</span> <span class='ocrx_word' id='word_1_166' title='bbox 1279 3413 1725 3512; x_wconf 85' lang='lat' dir='ltr'>praegressis</span> <span class='ocrx_word' id='word_1_167' title='bbox 1790 3413 1951 3485; x_wconf 90' lang='lat' dir='ltr'>fieri</span> <span class='ocrx_word' id='word_1_168' title='bbox 2037 3413 2343 3502; x_wconf 83' lang='lat' dir='ltr'>solebat,</span> <span class='ocrx_word' id='word_1_169' title='bbox 2432 3412 2952 3512; x_wconf 83' lang='lat' dir='ltr'>inscriptiones</span> 
     </span>
    </p>
   </div>
   <div class='ocr_carea' id='block_1_4' title="bbox 500 3534 2954 4008">
    <p class='ocr_par' dir='ltr' id='par_1_6' title="bbox 500 3534 2954 4008">
     <span class='ocr_line' id='line_1_24' title="bbox 501 3534 2953 3636; baseline 0.001 -30"><span class='ocrx_word' id='word_1_170' title='bbox 501 3534 770 3631; x_wconf 90' lang='lat' dir='ltr'>quibus</span> <span class='ocrx_word' id='word_1_171' title='bbox 809 3536 1178 3634; x_wconf 90' lang='lat' dir='ltr'>mancipia</span> <span class='ocrx_word' id='word_1_172' title='bbox 1217 3547 1569 3635; x_wconf 87' lang='lat' dir='ltr'>tanquam</span> <span class='ocrx_word' id='word_1_173' title='bbox 1611 3537 1943 3636; x_wconf 77' lang='lat' dir='ltr'>Apollini</span> <span class='ocrx_word' id='word_1_174' title='bbox 1980 3538 2254 3636; x_wconf 69' lang='lat' dir='ltr'>Pythio</span> <span class='ocrx_word' id='word_1_175' title='bbox 2304 3537 2604 3609; x_wconf 84' lang='lat' dir='ltr'>uendita</span> <span class='ocrx_word' id='word_1_176' title='bbox 2644 3564 2681 3609; x_wconf 94' lang='lat' dir='ltr'>e</span> <span class='ocrx_word' id='word_1_177' title='bbox 2718 3537 2953 3609; x_wconf 90' lang='lat' dir='ltr'>serui-</span> 
     </span>
     <span class='ocr_line' id='line_1_25' title="bbox 500 3658 2953 3761; baseline 0.002 -33"><span class='ocrx_word' id='word_1_178' title='bbox 500 3669 652 3729; x_wconf 91' lang='lat' dir='ltr'>tute</span> <span class='ocrx_word' id='word_1_179' title='bbox 684 3658 1187 3732; x_wconf 86' lang='lat' dir='ltr'>liberabantur</span> <span class='ocrx_word' id='word_1_180' title='bbox 1235 3671 1515 3733; x_wconf 87' lang='lat' dir='ltr'>ceteros</span> <span class='ocrx_word' id='word_1_181' title='bbox 1565 3662 1815 3733; x_wconf 91' lang='lat' dir='ltr'>titulos</span> <span class='ocrx_word' id='word_1_182' title='bbox 1857 3688 2166 3733; x_wconf 90' lang='lat' dir='ltr'>numero</span> <span class='ocrx_word' id='word_1_183' title='bbox 2212 3673 2583 3761; x_wconf 90' lang='lat' dir='ltr'>superant.</span> <span class='ocrx_word' id='word_1_184' title='bbox 2631 3664 2715 3733; x_wconf 92' lang='lat' dir='ltr'>In</span> <span class='ocrx_word' id='word_1_185' title='bbox 2757 3688 2953 3733; x_wconf 88' lang='lat' dir='ltr'>mar-</span> 
     </span>
     <span class='ocr_line' id='line_1_26' title="bbox 501 3782 2952 3883; baseline 0.002 -30"><span class='ocrx_word' id='word_1_186' title='bbox 501 3782 773 3854; x_wconf 88' lang='lat' dir='ltr'>moreis</span> <span class='ocrx_word' id='word_1_187' title='bbox 846 3783 1250 3881; x_wconf 89' lang='lat' dir='ltr'>parietibus</span> <span class='ocrx_word' id='word_1_188' title='bbox 1325 3786 1647 3856; x_wconf 91' lang='lat' dir='ltr'>thesauri</span> <span class='ocrx_word' id='word_1_189' title='bbox 1714 3786 1842 3883; x_wconf 89' lang='lat' dir='ltr'>qui</span> <span class='ocrx_word' id='word_1_190' title='bbox 1906 3786 2193 3857; x_wconf 88' lang='lat' dir='ltr'>Cnidiis</span> <span class='ocrx_word' id='word_1_191' title='bbox 2255 3785 2603 3857; x_wconf 90' lang='lat' dir='ltr'>tribuitur</span> <span class='ocrx_word' id='word_1_192' title='bbox 2658 3785 2952 3858; x_wconf 88' lang='lat' dir='ltr'>decreta</span> 
     </span>
     <span class='ocr_line' id='line_1_27' title="bbox 501 3907 2954 4008; baseline 0.002 -31"><span class='ocrx_word' id='word_1_193' title='bbox 501 3907 1124 4002; x_wconf 90' lang='lat' dir='ltr'>continuabantur</span> <span class='ocrx_word' id='word_1_194' title='bbox 1174 3908 1444 4006; x_wconf 90' lang='lat' dir='ltr'>quibus</span> <span class='ocrx_word' id='word_1_195' title='bbox 1508 3909 1768 3981; x_wconf 90' lang='lat' dir='ltr'>ciuitas</span> <span class='ocrx_word' id='word_1_196' title='bbox 1843 3910 2153 3982; x_wconf 90' lang='lat' dir='ltr'>aduenis</span> <span class='ocrx_word' id='word_1_197' title='bbox 2213 3910 2585 4008; x_wconf 89' lang='lat' dir='ltr'>impertita</span> <span class='ocrx_word' id='word_1_198' title='bbox 2656 3920 2834 3999; x_wconf 85' lang='lat' dir='ltr'>erat,</span> <span class='ocrx_word' id='word_1_199' title='bbox 2882 3920 2954 3981; x_wconf 93' lang='lat' dir='ltr'>et</span> 
     </span>
    </p>
   </div>
   <div class='ocr_carea' id='block_1_5' title="bbox 501 4033 2951 4138">
    <p class='ocr_par' dir='ltr' id='par_1_7' title="bbox 501 4033 2951 4138">
     <span class='ocr_line' id='line_1_28' title="bbox 501 4033 2951 4138; baseline 0.002 -29"><span class='ocrx_word' id='word_1_200' title='bbox 501 4039 1063 4138; x_wconf 87' lang='lat' dir='ltr'>perfrequenter</span> <span class='ocrx_word' id='word_1_201' title='bbox 1131 4042 1379 4119; x_wconf 87' lang='lat' dir='ltr'>uerbis</span> <span class='ocrx_word' id='word_1_202' title='bbox 1436 4042 1520 4113; x_wconf 83' lang='lat' dir='ltr'>&#39;in</span> <span class='ocrx_word' id='word_1_203' title='bbox 1588 4043 2113 4114; x_wconf 88' lang='lat' dir='ltr'>breuissimum</span> <span class='ocrx_word' id='word_1_204' title='bbox 2183 4043 2451 4115; x_wconf 91' lang='lat' dir='ltr'>coactis</span> <span class='ocrx_word' id='word_1_205' title='bbox 2507 4066 2521 4113; x_wconf 78' lang='lat' dir='ltr'>t</span> <span class='ocrx_word' id='word_1_206' title='bbox 2585 4046 2702 4115; x_wconf 74' lang='grc' dir='ltr'>τὸν</span> <span class='ocrx_word' id='word_1_207' title='bbox 2762 4033 2951 4115; x_wconf 83' lang='grc' dir='ltr'>δεῖνα</span> 
     </span>
    </p>
   </div>
   <div class='ocr_carea' id='block_1_6' title="bbox 497 4163 2954 4522">
    <p class='ocr_par' dir='ltr' id='par_1_8' title="bbox 497 4163 2954 4522">
     <span class='ocr_line' id='line_1_29' title="bbox 499 4163 2952 4273; baseline 0.003 -34"><span class='ocrx_word' id='word_1_208' title='bbox 499 4163 755 4271; x_wconf 75' lang='grc' dir='ltr'>Δελφοὶ</span> <span class='ocrx_word' id='word_1_209' title='bbox 783 4165 1048 4273; x_wconf 72' lang='grc' dir='ltr'>Δελφὸν</span> <span class='ocrx_word' id='word_1_210' title='bbox 1091 4177 1446 4270; x_wconf 81' lang='grc' dir='ltr'>ἐποίησαν.</span> <span class='ocrx_word' id='word_1_211' title='bbox 1486 4178 1696 4247; x_wconf 90' lang='lat' dir='ltr'>Tales</span> <span class='ocrx_word' id='word_1_212' title='bbox 1743 4176 1939 4248; x_wconf 91' lang='lat' dir='ltr'>tituli</span> <span class='ocrx_word' id='word_1_213' title='bbox 1979 4177 2106 4247; x_wconf 91' lang='lat' dir='ltr'>sed</span> <span class='ocrx_word' id='word_1_214' title='bbox 2151 4177 2366 4248; x_wconf 86' lang='lat' dir='ltr'>latius</span> <span class='ocrx_word' id='word_1_215' title='bbox 2400 4171 2581 4247; x_wconf 85' lang='lat' dir='ltr'>fusis</span> <span class='ocrx_word' id='word_1_216' title='bbox 2612 4176 2952 4248; x_wconf 87' lang='lat' dir='ltr'>formulis</span> 
     </span>
     <span class='ocr_line' id='line_1_30' title="bbox 497 4295 2954 4399; baseline 0.002 -34"><span class='ocrx_word' id='word_1_217' title='bbox 497 4295 575 4366; x_wconf 89' lang='lat' dir='ltr'>in</span> <span class='ocrx_word' id='word_1_218' title='bbox 620 4296 850 4368; x_wconf 90' lang='lat' dir='ltr'>muris</span> <span class='ocrx_word' id='word_1_219' title='bbox 890 4324 1200 4395; x_wconf 86' lang='lat' dir='ltr'>magnae</span> <span class='ocrx_word' id='word_1_220' title='bbox 1259 4299 1459 4371; x_wconf 87' lang='lat' dir='ltr'>aedis</span> <span class='ocrx_word' id='word_1_221' title='bbox 1528 4300 1872 4399; x_wconf 92' lang='lat' dir='ltr'>insculpti</span> <span class='ocrx_word' id='word_1_222' title='bbox 1921 4311 2113 4384; x_wconf 77' lang='lat' dir='ltr'>sunt,</span> <span class='ocrx_word' id='word_1_223' title='bbox 2163 4300 2481 4372; x_wconf 85' lang='lat' dir='ltr'>maxime</span> <span class='ocrx_word' id='word_1_224' title='bbox 2522 4301 2600 4371; x_wconf 91' lang='lat' dir='ltr'>in</span> <span class='ocrx_word' id='word_1_225' title='bbox 2652 4300 2841 4371; x_wconf 89' lang='lat' dir='ltr'>antis</span> <span class='ocrx_word' id='word_1_226' title='bbox 2881 4310 2954 4371; x_wconf 88' lang='lat' dir='ltr'>et</span> 
     </span>
     <span class='ocr_line' id='line_1_31' title="bbox 500 4417 2951 4522; baseline 0.002 -35"><span class='ocrx_word' id='word_1_227' title='bbox 500 4417 579 4488; x_wconf 90' lang='lat' dir='ltr'>in</span> <span class='ocrx_word' id='word_1_228' title='bbox 610 4419 849 4491; x_wconf 88' lang='lat' dir='ltr'>fronte</span> <span class='ocrx_word' id='word_1_229' title='bbox 900 4447 1087 4518; x_wconf 89' lang='lat' dir='ltr'>quae</span> <span class='ocrx_word' id='word_1_230' title='bbox 1131 4422 1222 4492; x_wconf 90' lang='lat' dir='ltr'>ad</span> <span class='ocrx_word' id='word_1_231' title='bbox 1273 4422 1628 4494; x_wconf 85' lang='lat' dir='ltr'>orientem</span> <span class='ocrx_word' id='word_1_232' title='bbox 1682 4434 2002 4522; x_wconf 82' lang='lat' dir='ltr'>spectat3</span> <span class='ocrx_word' id='word_1_233' title='bbox 2038 4450 2205 4495; x_wconf 91' lang='lat' dir='ltr'>nam</span> <span class='ocrx_word' id='word_1_234' title='bbox 2263 4423 2645 4495; x_wconf 88' lang='lat' dir='ltr'>meridiem</span> <span class='ocrx_word' id='word_1_235' title='bbox 2693 4448 2951 4495; x_wconf 92' lang='lat' dir='ltr'>uersus</span> 
     </span>
    </p>
   </div>
  </div>
 </body>
</html>
