3692 5643
775 597 867 666 56
1415 619 1504 663 DE
1558 617 2125 664 AMPHICTYONVM
2180 617 2584 663 EmMELE‘rls

771 772 971 870 quod
1020 783 1168 842 tam
1225 770 1414 841 bene
1465 782 1533 841 et
1587 770 1768 843 illud
1834 770 2247 869 κεχόρευται
2313 770 2511 867 quod
2574 771 2838 841 melius
2907 797 3081 842 sane
3136 771 3226 843 de

776 897 1216 994 agonotheta
1274 921 1496 992 quam
1570 894 1657 965 de
1717 895 2094 966 sacerdote
2158 894 2302 966 dici
2361 904 2671 992 poterat,
2731 896 2909 991 quid
2972 895 3060 966 de
3104 896 3229 968 illa

772 1020 1169 1118 λῃτουργίαι
1209 1019 1659 1091 censendum
1713 1029 1821 1090 est
1870 1018 2011 1090 nisi
2062 1018 2340 1115 aliquid
2396 1029 2687 1117 praeter
2737 1021 3228 1091 sacerdotium

776 1145 1205 1240 designari?
1244 1142 1553 1214 Accedit
1589 1154 1673 1214 -ut
1710 1143 2145 1214 diuturnum
2179 1169 2393 1214 suum
2435 1170 2706 1215 munus
2737 1171 2882 1215 non
2914 1144 3233 1241 uulgari-

776 1278 917 1349 bus
947 1276 1197 1348 uerbis
1226 1275 1449 1347 πολὺν
1484 1252 1734 1374 χ’ρὸνον
1768 1287 1893 1347 aut
1920 1275 2158 1347 πολλὰ
2197 1270 2317 1370 ἐ’τη
2349 1277 2474 1347 sed
2506 1286 2857 1373 tanquam
2890 1278 3231 1348 sollemni

782 1391 1101 1473 formula
1134 1398 1412 1483 πολλὰς
1452 1390 1809 1483 Πυθιάδας
1850 1400 2240 1498 significet.
2294 1400 2456 1483 Qua
2507 1427 2683 1473 usus
2717 1402 2930 1472 ludos
2971 1412 3231 1499 quarto

781 1551 1079 1624 quoque
1156 1552 1350 1621 anno
1431 1536 1893 1596 recurrentes
1956 1525 2028 1623 in
2102 1525 2538 1596 memoriam
2602 1525 2848 1597 statim
2934 1536 3237 1597 reuocet

781 1676 1077 1722 necesse
1110 1660 1242 1721 est.
1837 1743 1841 1747 .

880 1773 1271 1845 Neminem
1316 1776 1461 1846 iam
1498 1775 1768 1872 fugerit
1808 1800 1925 1844 me
1971 1774 2367 1879 adductum
2409 1800 2566 1844 esse
2602 1783 2707 1844 ut·
2740 1774 3032 1845 credam
3089 1775 3240 1872 epi-

785 1898 1127 1970 meletam
1186 1899 1378 1971 iusto
1432 1926 1740 1970 munere
1789 1925 1920 1997 per
1977 1909 2324 1995 quattuor
2354 1893 2602 1969 ‘annos
2657 1924 2813 1970 esse
2871 1900 3233 1989 sunctum,

786 2049 1105 2119 quorum
1139 2023 1379 2120 primo
1403 2023 1705 2120 insuper
1727 2023 1968 2094 eidem
2002 2022 2288 2121 homini
2316 2021 2760 2119 Pythiorum
2780 2022 3239 2094 edendorum

787 2173 962 2218 cura
1013 2146 1357 2244 imposita
1425 2158 1603 2231 erat,
1671 2158 1743 2218 et
1800 2125 2176 2245 praeterea
2250 2145 2645 2217 nonnullos
2713 2158 2793 2218 ut
2853 2148 3239 2218 Petraeum

796 2271 1415 2369 Plutarchumque
1454 2298 1723 2342 munus
1768 2273 2037 2342 iterum
2075 2282 2289 2368 atque
2349 2270 2617 2341 iterum
2659 2270 3235 2343 continuauisse.

793 2390 940 2468 Sed
965 2405 1043 2466 ut
1063 2397 1243 2468 haec
1270 2396 1702 2469 uerisimilia
1739 2396 1923 2466 mihi
1955 2395 2257 2493 quidem
2281 2396 2500 2466 uiden
2514 2406 2627 2466 tur
2658 2421 2843 2484 esse,
2870 2396 2971 2467 ita
2997 2395 3058 2467 si
3077 2396 3245 2492 quis

792 2520 898 2591 ab>
958 2547 1257 2591 assensu
1324 2547 1398 2592 56
1462 2521 1819 2591 sustineat
1876 2546 2272 2617 coarguere
2339 2504 2652 2617 nequeo.
2687 2519 3035 2591 Ceterum
3071 2521 3246 2592 satis

792 2644 972 2717 certi
1008 2655 1342 2743 superest
1374 2654 1455 2715 ut
1485 2671 1683 2716 nunc
1724 2645 1903 2742 quid
1947 2645 2260 2716 ualuerit
2290 2627 2927 2743 Amphictyonum
2974 2644 3248 2743 epime-

792 2770 939 2841 leta
971 2770 1234 2842 melius
1271 2770 1803 2842 discernamus.

898 3269 1009 3338 En
1052 3268 1276 3341 habes
1318 3270 1391 3340 in
1437 3269 1958 3341 breuissimum
2012 3270 2300 3341 redacta
2355 3269 2603 3340 omnia
2656 3294 2840 3365 quae
2899 3269 3252 3361 hactenus

803 3392 1168 3492 disputata
1207 3404 1379 3465 sunt
1420 3418 1433 3464 ε

1814 3643 2258 3689 SACERDOTES

870 3847 967 3888 ca.
1009 3823 1091 3886 50
1163 3823 1528 3910 [Μελισσίων
1560 3824 1861 3911 Λαιάδαῗ]
1895 3863 1982 3871 -
2016 3827 2100 3889 Π.
2138 3827 2420 3907 Μέμμιος
2457 3826 2741 3909 Σώτηρος

1238 3940 1308 4005 Γ.
1356 3941 1636 4022 Μέμμιος
1672 3942 2025 4023 Εὗθύδαμος
2074 3976 2142 3987 —
2188 3942 2524 4017 Εὐκλείδας
2566 3938 2917 4018 Ἀστοξένου

856 4053 1109 4118 85-120
1234 4057 1306 4118 Γ.
1352 4057 1634 4137 Μέμμιος
1669 4057 2022 4138 Εὔθύδαμος
2053 4094 2137 4102 —-
2175 4058 2470 4142 Μέστριος
2511 4058 2910 4140 Πλούταρχος

1457 4173 1857 4257 Πλούταρχος
2002 4213 2005 4218 -
2437 4210 2525 4217 -

1621 4325 1708 4332 -
2065 4325 2143 4333 -
2186 4287 2267 4351 A.
2316 4288 2571 4364 Γέλλιος
2609 4287 2956 4370 Ξενοιγορας
2996 4286 3022 4348 Ι

815 4342 1102 4406 120430
1155 4285 1173 4470 i
1224 4403 1305 4467 Λ.
1339 4403 1593 4480 Γέλλιος
1628 4404 1973 4489 Ξεναγόρας
2008 4403 2147 4466 Ι-
2596 4438 2675 4449 -
