<?xml version="1.0" encoding="UTF-8"?>
<!DOCTYPE html PUBLIC "-//W3C//DTD XHTML 1.0 Transitional//EN"
    "http://www.w3.org/TR/xhtml1/DTD/xhtml1-transitional.dtd">
<html xmlns="http://www.w3.org/1999/xhtml" xml:lang="en" lang="en">
 <head>
  <title>
</title>
<meta http-equiv="Content-Type" content="text/html;charset=utf-8" />
  <meta name='ocr-system' content='tesseract 3.04.00' />
  <meta name='ocr-capabilities' content='ocr_page ocr_carea ocr_par ocr_line ocrx_word'/>
</head>
<body>
  <div class='ocr_page' id='page_1' title='image "./derebusdelphici01bourgoog_0077.png"; bbox 0 0 3692 5643; ppageno 0'>
   <div class='ocr_carea' id='block_1_1' title="bbox 1140 1234 2318 1383">
    <p class='ocr_par' dir='ltr' id='par_1_1' title="bbox 1140 1234 2318 1383">
     <span class='ocr_line' id='line_1_1' title="bbox 1140 1234 2318 1383; baseline -0.001 -2"><span class='ocrx_word' id='word_1_1' title='bbox 1140 1300 1575 1381; x_wconf 84' lang='lat' dir='ltr'><strong>CAPVT</strong></span> <span class='ocrx_word' id='word_1_2' title='bbox 1677 1234 2318 1383; x_wconf 63' lang='lat' dir='ltr'><strong>ALTERVM</strong></span> 
     </span>
    </p>
   </div>
   <div class='ocr_carea' id='block_1_2' title="bbox 544 1808 2884 2055">
    <p class='ocr_par' dir='ltr' id='par_1_2' title="bbox 544 1808 2884 2055">
     <span class='ocr_line' id='line_1_2' title="bbox 544 1808 2884 1922; baseline -0.002 0"><span class='ocrx_word' id='word_1_3' title='bbox 544 1859 661 1922; x_wconf 91' lang='lat' dir='ltr'>DE</span> <span class='ocrx_word' id='word_1_4' title='bbox 749 1855 1424 1922; x_wconf 85' lang='lat' dir='ltr'><strong>IMPERATORVM</strong></span> <span class='ocrx_word' id='word_1_5' title='bbox 1516 1833 2116 1920; x_wconf 89' lang='lat' dir='ltr'>ROMANORVM</span> <span class='ocrx_word' id='word_1_6' title='bbox 2188 1854 2381 1919; x_wconf 89' lang='lat' dir='ltr'>CVM</span> <span class='ocrx_word' id='word_1_7' title='bbox 2462 1808 2884 1918; x_wconf 75' lang='lat' dir='ltr'>CIVITATE</span> 
     </span>
     <span class='ocr_line' id='line_1_3' title="bbox 663 1968 2651 2055; baseline -0.001 -19"><span class='ocrx_word' id='word_1_8' title='bbox 663 1986 674 1991; x_wconf 74' lang='grc'><strong>“</strong></span> <span class='ocrx_word' id='word_1_9' title='bbox 830 1971 1299 2036; x_wconf 86' lang='lat' dir='ltr'><strong>DELPHICA</strong></span> <span class='ocrx_word' id='word_1_10' title='bbox 1373 1970 2022 2036; x_wconf 88' lang='lat' dir='ltr'><strong>EPISTVLARVM</strong></span> <span class='ocrx_word' id='word_1_11' title='bbox 2099 1968 2651 2055; x_wconf 49' lang='lat' dir='ltr'>COMMERCIO¹</span> 
     </span>
    </p>
   </div>
   <div class='ocr_carea' id='block_1_3' title="bbox 489 2231 3066 4078">
    <p class='ocr_par' dir='ltr' id='par_1_3' title="bbox 489 2231 3066 4078">
     <span class='ocr_line' id='line_1_4' title="bbox 599 2231 2948 2336; baseline -0.003 -25"><span class='ocrx_word' id='word_1_12' title='bbox 599 2240 983 2311; x_wconf 79' lang='lat' dir='ltr'>Materiam</span> <span class='ocrx_word' id='word_1_13' title='bbox 1015 2238 1136 2310; x_wconf 92' lang='lat' dir='ltr'>hic</span> <span class='ocrx_word' id='word_1_14' title='bbox 1163 2239 1469 2310; x_wconf 87' lang='lat' dir='ltr'>tentari¹</span> <span class='ocrx_word' id='word_1_15' title='bbox 1513 2240 1745 2336; x_wconf 89' lang='lat' dir='ltr'>paene</span> <span class='ocrx_word' id='word_1_16' title='bbox 1784 2231 2276 2334; x_wconf 83' lang='lat' dir='ltr'>periculosam</span> <span class='ocrx_word' id='word_1_17' title='bbox 2304 2235 2449 2306; x_wconf 91' lang='lat' dir='ltr'>iam</span> <span class='ocrx_word' id='word_1_18' title='bbox 2505 2234 2948 2331; x_wconf 85' lang='lat' dir='ltr'>significaui,</span> 
     </span>
     <span class='ocr_line' id='line_1_5' title="bbox 503 2359 2950 2461; baseline -0.003 -26"><span class='ocrx_word' id='word_1_19' title='bbox 503 2392 675 2436; x_wconf 86' lang='lat' dir='ltr'>mox</span> <span class='ocrx_word' id='word_1_20' title='bbox 707 2390 883 2436; x_wconf 86' lang='lat' dir='ltr'>uero</span> <span class='ocrx_word' id='word_1_21' title='bbox 916 2364 1205 2461; x_wconf 92' lang='lat' dir='ltr'>planius</span> <span class='ocrx_word' id='word_1_22' title='bbox 1238 2363 1663 2460; x_wconf 68' lang='lat' dir='ltr'>experieris</span> <span class='ocrx_word' id='word_1_23' title='bbox 1700 2362 2202 2459; x_wconf 83' lang='lat' dir='ltr'>Epistularum</span> <span class='ocrx_word' id='word_1_24' title='bbox 2245 2360 2442 2431; x_wconf 90' lang='lat' dir='ltr'>enim</span> <span class='ocrx_word' id='word_1_25' title='bbox 2483 2359 2950 2457; x_wconf 90' lang='lat' dir='ltr'>potissimum</span> 
     </span>
     <span class='ocr_line' id='line_1_6' title="bbox 503 2466 3066 2588; baseline -0.003 -28"><span class='ocrx_word' id='word_1_26' title='bbox 503 2489 595 2560; x_wconf 87' lang='lat' dir='ltr'>ab</span> <span class='ocrx_word' id='word_1_27' title='bbox 640 2487 1210 2588; x_wconf 79' lang='lat' dir='ltr'>imperatoribus</span> <span class='ocrx_word' id='word_1_28' title='bbox 1256 2487 1346 2558; x_wconf 89' lang='lat' dir='ltr'>ad</span> <span class='ocrx_word' id='word_1_29' title='bbox 1389 2487 1721 2585; x_wconf 76' lang='lat' dir='ltr'>Delphos</span> <span class='ocrx_word' id='word_1_30' title='bbox 1769 2466 2160 2556; x_wconf 90' lang='lat' dir='ltr'>missarum</span> <span class='ocrx_word' id='word_1_31' title='bbox 2201 2482 2387 2582; x_wconf 89' lang='lat' dir='ltr'>quae</span> <span class='ocrx_word' id='word_1_32' title='bbox 2428 2485 2501 2555; x_wconf 91' lang='lat' dir='ltr'>in</span> <span class='ocrx_word' id='word_1_33' title='bbox 2549 2483 2955 2582; x_wconf 89' lang='lat' dir='ltr'>parietibus</span> <span class='ocrx_word' id='word_1_34' title='bbox 3059 2543 3066 2550; x_wconf 94' lang='lat'>.</span> 
     </span>
     <span class='ocr_line' id='line_1_7' title="bbox 502 2608 2956 2708; baseline -0.002 -24"><span class='ocrx_word' id='word_1_35' title='bbox 502 2613 698 2684; x_wconf 80' lang='lat' dir='ltr'>aedis</span> <span class='ocrx_word' id='word_1_36' title='bbox 731 2614 1004 2684; x_wconf 89' lang='lat' dir='ltr'>incisae</span> <span class='ocrx_word' id='word_1_37' title='bbox 1043 2623 1248 2683; x_wconf 82' lang='lat' dir='ltr'>erant</span> <span class='ocrx_word' id='word_1_38' title='bbox 1278 2638 1369 2682; x_wconf 91' lang='lat' dir='ltr'>ne</span> <span class='ocrx_word' id='word_1_39' title='bbox 1404 2637 1544 2682; x_wconf 90' lang='lat' dir='ltr'>una</span> <span class='ocrx_word' id='word_1_40' title='bbox 1580 2610 1881 2708; x_wconf 91' lang='lat' dir='ltr'>quidem</span> <span class='ocrx_word' id='word_1_41' title='bbox 1923 2619 2339 2681; x_wconf 86' lang='lat' dir='ltr'>asseruatur</span> <span class='ocrx_word' id='word_1_42' title='bbox 2372 2609 2681 2705; x_wconf 80' lang='lat' dir='ltr'>integra.</span> <span class='ocrx_word' id='word_1_43' title='bbox 2722 2608 2956 2679; x_wconf 89' lang='lat' dir='ltr'>Multa</span> 
     </span>
     <span class='ocr_line' id='line_1_8' title="bbox 500 2734 2955 2844; baseline -0.002 -35"><span class='ocrx_word' id='word_1_44' title='bbox 500 2737 802 2836; x_wconf 87' lang='lat' dir='ltr'>quidem</span> <span class='ocrx_word' id='word_1_45' title='bbox 832 2738 1241 2844; x_wconf 82' lang='lat' dir='ltr'>fragmenta</span> <span class='ocrx_word' id='word_1_46' title='bbox 1269 2762 1487 2807; x_wconf 89' lang='lat' dir='ltr'>sensu</span> <span class='ocrx_word' id='word_1_47' title='bbox 1522 2761 1720 2806; x_wconf 89' lang='lat' dir='ltr'>cassa</span> <span class='ocrx_word' id='word_1_48' title='bbox 1753 2738 1940 2832; x_wconf 83' lang='lat' dir='ltr'>quae</span> <span class='ocrx_word' id='word_1_49' title='bbox 1967 2734 2068 2805; x_wconf 88' lang='lat' dir='ltr'>ita</span> <span class='ocrx_word' id='word_1_50' title='bbox 2106 2738 2551 2832; x_wconf 90' lang='lat' dir='ltr'>componere</span> <span class='ocrx_word' id='word_1_51' title='bbox 2583 2743 2663 2803; x_wconf 91' lang='lat' dir='ltr'>ut</span> <span class='ocrx_word' id='word_1_52' title='bbox 2696 2758 2955 2803; x_wconf 90' lang='lat' dir='ltr'>uersus</span> 
     </span>
     <span class='ocr_line' id='line_1_9' title="bbox 500 2858 3054 2960; baseline -0.003 -26"><span class='ocrx_word' id='word_1_53' title='bbox 500 2863 774 2960; x_wconf 81' lang='lat' dir='ltr'>aliquot</span> <span class='ocrx_word' id='word_1_54' title='bbox 815 2863 1129 2934; x_wconf 77' lang='lat' dir='ltr'>restituti</span> <span class='ocrx_word' id='word_1_55' title='bbox 1170 2863 1780 2932; x_wconf 79' lang='lat' dir='ltr'>continuarentur</span> <span class='ocrx_word' id='word_1_56' title='bbox 1824 2860 1980 2930; x_wconf 93' lang='lat' dir='ltr'>solo</span> <span class='ocrx_word' id='word_1_57' title='bbox 2022 2869 2458 2957; x_wconf 76' lang='lat' dir='ltr'>ect&#39;yporum</span> <span class='ocrx_word' id='word_1_58' title='bbox 2499 2858 2773 2930; x_wconf 87' lang='lat' dir='ltr'>auxilio</span> <span class='ocrx_word' id='word_1_59' title='bbox 2803 2883 2951 2928; x_wconf 90' lang='lat' dir='ltr'>non</span> <span class='ocrx_word' id='word_1_60' title='bbox 3050 2950 3054 2953; x_wconf 11' lang='grc' dir='ltr'><em>ῃ</em></span> 
     </span>
     <span class='ocr_line' id='line_1_10' title="bbox 495 2981 2953 3086; baseline -0.002 -28"><span class='ocrx_word' id='word_1_61' title='bbox 495 2988 702 3086; x_wconf 90' lang='lat' dir='ltr'>potui</span> <span class='ocrx_word' id='word_1_62' title='bbox 726 3014 920 3058; x_wconf 91' lang='lat' dir='ltr'>nunc</span> <span class='ocrx_word' id='word_1_63' title='bbox 953 2987 1166 3058; x_wconf 87' lang='lat' dir='ltr'>edere</span> <span class='ocrx_word' id='word_1_64' title='bbox 1195 3012 1509 3083; x_wconf 91' lang='lat' dir='ltr'>nequeo.</span> <span class='ocrx_word' id='word_1_65' title='bbox 1544 2984 1688 3057; x_wconf 88' lang='lat' dir='ltr'>Sed</span> <span class='ocrx_word' id='word_1_66' title='bbox 1715 2984 1804 3055; x_wconf 91' lang='lat' dir='ltr'>de</span> <span class='ocrx_word' id='word_1_67' title='bbox 1840 2985 1945 3054; x_wconf 92' lang='lat' dir='ltr'>eis</span> <span class='ocrx_word' id='word_1_68' title='bbox 1973 2984 2192 3054; x_wconf 91' lang='lat' dir='ltr'>etiam</span> <span class='ocrx_word' id='word_1_69' title='bbox 2221 3009 2408 3080; x_wconf 89' lang='lat' dir='ltr'>quae</span> <span class='ocrx_word' id='word_1_70' title='bbox 2440 2981 2630 3054; x_wconf 87' lang='lat' dir='ltr'>dabo</span> <span class='ocrx_word' id='word_1_71' title='bbox 2659 2982 2953 3053; x_wconf 91' lang='lat' dir='ltr'>ueniam</span> 
     </span>
     <span class='ocr_line' id='line_1_11' title="bbox 495 3108 2955 3209; baseline -0.002 -27"><span class='ocrx_word' id='word_1_72' title='bbox 495 3122 745 3209; x_wconf 89' lang='lat' dir='ltr'>petere</span> <span class='ocrx_word' id='word_1_73' title='bbox 801 3137 1101 3184; x_wconf 87' lang='lat' dir='ltr'>necesse</span> <span class='ocrx_word' id='word_1_74' title='bbox 1159 3110 1421 3181; x_wconf 81' lang='lat' dir='ltr'>habeo,</span> <span class='ocrx_word' id='word_1_75' title='bbox 1492 3110 1680 3180; x_wconf 87' lang='lat' dir='ltr'>Nam</span> <span class='ocrx_word' id='word_1_76' title='bbox 1735 3108 1994 3179; x_wconf 87' lang='lat' dir='ltr'>mutila</span> <span class='ocrx_word' id='word_1_77' title='bbox 2055 3108 2395 3205; x_wconf 91' lang='lat' dir='ltr'>supplere</span> <span class='ocrx_word' id='word_1_78' title='bbox 2456 3133 2679 3203; x_wconf 90' lang='lat' dir='ltr'>quam</span> <span class='ocrx_word' id='word_1_79' title='bbox 2738 3131 2955 3204; x_wconf 90' lang='lat' dir='ltr'>saepe</span> 
     </span>
     <span class='ocr_line' id='line_1_12' title="bbox 495 3232 2954 3332; baseline -0.002 -25"><span class='ocrx_word' id='word_1_80' title='bbox 495 3246 796 3307; x_wconf 87' lang='lat' dir='ltr'>conatus</span> <span class='ocrx_word' id='word_1_81' title='bbox 837 3236 971 3307; x_wconf 91' lang='lat' dir='ltr'>sim</span> <span class='ocrx_word' id='word_1_82' title='bbox 1023 3262 1167 3305; x_wconf 93' lang='lat' dir='ltr'>non</span> <span class='ocrx_word' id='word_1_83' title='bbox 1214 3235 1585 3332; x_wconf 87' lang='lat' dir='ltr'>professus</span> <span class='ocrx_word' id='word_1_84' title='bbox 1632 3232 1862 3303; x_wconf 82' lang='lat' dir='ltr'>multa</span> <span class='ocrx_word' id='word_1_85' title='bbox 1901 3232 2386 3303; x_wconf 84' lang='lat' dir='ltr'>transcribam</span> <span class='ocrx_word' id='word_1_86' title='bbox 2426 3257 2685 3302; x_wconf 88' lang='lat' dir='ltr'>manca</span> <span class='ocrx_word' id='word_1_87' title='bbox 2736 3241 2954 3328; x_wconf 87' lang='lat' dir='ltr'>atque</span> 
     </span>
     <span class='ocr_line' id='line_1_13' title="bbox 492 3355 2951 3457; baseline -0.002 -28"><span class='ocrx_word' id='word_1_88' title='bbox 492 3360 945 3457; x_wconf 87' lang='lat' dir='ltr'>imperfecta.</span> <span class='ocrx_word' id='word_1_89' title='bbox 1003 3356 1410 3455; x_wconf 85' lang='lat' dir='ltr'>Oportebat</span> <span class='ocrx_word' id='word_1_90' title='bbox 1465 3368 1709 3428; x_wconf 87' lang='lat' dir='ltr'>tamen</span> <span class='ocrx_word' id='word_1_91' title='bbox 1765 3382 1988 3452; x_wconf 86' lang='lat' dir='ltr'>quam</span> <span class='ocrx_word' id='word_1_92' title='bbox 2037 3355 2390 3426; x_wconf 81' lang='lat' dir='ltr'>citissime</span> <span class='ocrx_word' id='word_1_93' title='bbox 2449 3380 2744 3452; x_wconf 89' lang='lat' dir='ltr'>possem</span> <span class='ocrx_word' id='word_1_94' title='bbox 2790 3356 2951 3436; x_wconf 80' lang='lat' dir='ltr'>lon-</span> 
     </span>
     <span class='ocr_line' id='line_1_14' title="bbox 489 3478 2951 3580; baseline -0.002 -26"><span class='ocrx_word' id='word_1_95' title='bbox 489 3484 745 3580; x_wconf 85' lang='lat' dir='ltr'>ginqui</span> <span class='ocrx_word' id='word_1_96' title='bbox 787 3484 1207 3579; x_wconf 75' lang='lat' dir='ltr'>assiduique</span> <span class='ocrx_word' id='word_1_97' title='bbox 1248 3482 1443 3552; x_wconf 91' lang='lat' dir='ltr'>illius</span> <span class='ocrx_word' id='word_1_98' title='bbox 1480 3483 1961 3579; x_wconf 87' lang='lat' dir='ltr'>epistularum</span> <span class='ocrx_word' id='word_1_99' title='bbox 2003 3479 2429 3551; x_wconf 90' lang='lat' dir='ltr'>commercii</span> <span class='ocrx_word' id='word_1_100' title='bbox 2476 3478 2686 3576; x_wconf 88' lang='lat' dir='ltr'>quasi</span> <span class='ocrx_word' id='word_1_101' title='bbox 2737 3504 2951 3549; x_wconf 90' lang='lat' dir='ltr'>cons-</span> 
     </span>
     <span class='ocr_line' id='line_1_15' title="bbox 495 3602 2952 3720; baseline -0.002 -42"><span class='ocrx_word' id='word_1_102' title='bbox 495 3623 796 3706; x_wconf 88' lang='lat' dir='ltr'>pectum</span> <span class='ocrx_word' id='word_1_103' title='bbox 891 3607 1345 3720; x_wconf 74' lang='lat' dir='ltr'>praeberem.</span> <span class='ocrx_word' id='word_1_104' title='bbox 1438 3606 1812 3676; x_wconf 86' lang='lat' dir='ltr'>Nonnulla</span> <span class='ocrx_word' id='word_1_105' title='bbox 1884 3606 2103 3675; x_wconf 84' lang='lat' dir='ltr'>etiam</span> <span class='ocrx_word' id='word_1_106' title='bbox 2178 3603 2407 3674; x_wconf 88' lang='lat' dir='ltr'>uerba</span> <span class='ocrx_word' id='word_1_107' title='bbox 2490 3603 2674 3673; x_wconf 89' lang='lat' dir='ltr'>scitu</span> <span class='ocrx_word' id='word_1_108' title='bbox 2754 3602 2952 3673; x_wconf 89' lang='lat' dir='ltr'>haud</span> 
     </span>
     <span class='ocr_line' id='line_1_16' title="bbox 494 3727 2951 3829; baseline -0.002 -27"><span class='ocrx_word' id='word_1_109' title='bbox 494 3732 821 3829; x_wconf 85' lang='lat' dir='ltr'>indigna,</span> <span class='ocrx_word' id='word_1_110' title='bbox 857 3743 937 3803; x_wconf 89' lang='lat' dir='ltr'>ut</span> <span class='ocrx_word' id='word_1_111' title='bbox 975 3758 1162 3828; x_wconf 86' lang='lat' dir='ltr'>quae</span> <span class='ocrx_word' id='word_1_112' title='bbox 1196 3758 1234 3801; x_wconf 86' lang='lat' dir='ltr'>a</span> <span class='ocrx_word' id='word_1_113' title='bbox 1270 3730 1583 3801; x_wconf 88' lang='lat' dir='ltr'>Traiano</span> <span class='ocrx_word' id='word_1_114' title='bbox 1613 3729 2138 3826; x_wconf 88' lang='lat' dir='ltr'>Hadrianoque</span> <span class='ocrx_word' id='word_1_115' title='bbox 2167 3728 2435 3798; x_wconf 88' lang='lat' dir='ltr'>dictata</span> <span class='ocrx_word' id='word_1_116' title='bbox 2466 3727 2637 3814; x_wconf 84' lang='lat' dir='ltr'>sint,</span> <span class='ocrx_word' id='word_1_117' title='bbox 2668 3753 2951 3797; x_wconf 88' lang='lat' dir='ltr'>nouum</span> 
     </span>
     <span class='ocr_line' id='line_1_17' title="bbox 493 3852 2951 3955; baseline -0.002 -28"><span class='ocrx_word' id='word_1_118' title='bbox 493 3857 843 3953; x_wconf 88' lang='lat' dir='ltr'>quiddam</span> <span class='ocrx_word' id='word_1_119' title='bbox 884 3867 955 3927; x_wconf 85' lang='lat' dir='ltr'>et</span> <span class='ocrx_word' id='word_1_120' title='bbox 994 3855 1358 3955; x_wconf 82' lang='lat' dir='ltr'>peculiare</span> <span class='ocrx_word' id='word_1_121' title='bbox 1404 3854 1742 3926; x_wconf 87' lang='lat' dir='ltr'>redolent</span> <span class='ocrx_word' id='word_1_122' title='bbox 1771 3879 1919 3951; x_wconf 89' lang='lat' dir='ltr'>quo</span> <span class='ocrx_word' id='word_1_123' title='bbox 1964 3853 2246 3951; x_wconf 84' lang='lat' dir='ltr'>proprii</span> <span class='ocrx_word' id='word_1_124' title='bbox 2282 3852 2666 3948; x_wconf 10' lang='lat' dir='ltr'>*utriusque</span> <span class='ocrx_word' id='word_1_125' title='bbox 2707 3877 2951 3922; x_wconf 90' lang='lat' dir='ltr'>mores</span> 
     </span>
     <span class='ocr_line' id='line_1_18' title="bbox 490 3975 2951 4078; baseline -0.002 -27"><span class='ocrx_word' id='word_1_126' title='bbox 490 3980 811 4078; x_wconf 90' lang='lat' dir='ltr'>penitius</span> <span class='ocrx_word' id='word_1_127' title='bbox 844 3980 1472 4077; x_wconf 85' lang='lat' dir='ltr'>introspiciantur.</span> <span class='ocrx_word' id='word_1_128' title='bbox 1510 3979 1852 4075; x_wconf 87' lang='lat' dir='ltr'>Denique</span> <span class='ocrx_word' id='word_1_129' title='bbox 1884 3988 1955 4049; x_wconf 90' lang='lat' dir='ltr'>et</span> <span class='ocrx_word' id='word_1_130' title='bbox 1981 3977 2124 4048; x_wconf 91' lang='lat' dir='ltr'>uiri</span> <span class='ocrx_word' id='word_1_131' title='bbox 2156 3976 2351 4047; x_wconf 93' lang='lat' dir='ltr'>docti</span> <span class='ocrx_word' id='word_1_132' title='bbox 2393 3976 2482 4047; x_wconf 94' lang='lat' dir='ltr'>de</span> <span class='ocrx_word' id='word_1_133' title='bbox 2522 3975 2951 4073; x_wconf 85' lang='lat' dir='ltr'>fragmentis</span> 
     </span>
    </p>
   </div>
   <div class='ocr_carea' id='block_1_4' title="bbox 488 4221 2950 4486">
    <p class='ocr_par' dir='ltr' id='par_1_4' title="bbox 488 4221 2950 4486">
     <span class='ocr_line' id='line_1_19' title="bbox 557 4221 2950 4307; baseline -0.003 -17"><span class='ocrx_word' id='word_1_134' title='bbox 557 4241 603 4290; x_wconf 86' lang='lat'>1.</span> <span class='ocrx_word' id='word_1_135' title='bbox 647 4221 903 4307; x_wconf 86' lang='lat' dir='ltr'>Tempus</span> <span class='ocrx_word' id='word_1_136' title='bbox 924 4238 1200 4290; x_wconf 83' lang='lat' dir='ltr'>laudandi</span> <span class='ocrx_word' id='word_1_137' title='bbox 1234 4237 1418 4290; x_wconf 87' lang='lat' dir='ltr'>libelli</span> <span class='ocrx_word' id='word_1_138' title='bbox 1447 4255 1562 4290; x_wconf 92' lang='lat' dir='ltr'>non</span> <span class='ocrx_word' id='word_1_139' title='bbox 1589 4238 1994 4307; x_wconf 86' lang='lat' dir='ltr'>praetermitto</span> <span class='ocrx_word' id='word_1_140' title='bbox 2019 4254 2133 4306; x_wconf 89' lang='lat' dir='ltr'>quo</span> <span class='ocrx_word' id='word_1_141' title='bbox 2150 4236 2211 4289; x_wconf 95' lang='lat' dir='ltr'>L.</span> <span class='ocrx_word' id='word_1_142' title='bbox 2244 4234 2563 4288; x_wconf 84' lang='lat' dir='ltr'>Lafoscade</span> <span class='ocrx_word' id='word_1_143' title='bbox 2583 4234 2652 4285; x_wconf 83' lang='lat' dir='ltr'>de</span> <span class='ocrx_word' id='word_1_144' title='bbox 2684 4232 2950 4302; x_wconf 76' lang='lat' dir='ltr'>epistulis</span> 
     </span>
     <span class='ocr_line' id='line_1_20' title="bbox 488 4323 2950 4398; baseline -0.003 -18"><span class='ocrx_word' id='word_1_145' title='bbox 488 4330 660 4398; x_wconf 81' lang='lat' dir='ltr'>impp.</span> <span class='ocrx_word' id='word_1_146' title='bbox 692 4328 1253 4397; x_wconf 70' lang='lat' dir='ltr'>maqz’stratuumque</span> <span class='ocrx_word' id='word_1_147' title='bbox 1284 4345 1430 4379; x_wconf 75' lang='lat' dir='ltr'>rom.</span> <span class='ocrx_word' id='word_1_148' title='bbox 1462 4327 1701 4378; x_wconf 87' lang='lat' dir='ltr'>Parisiis</span> <span class='ocrx_word' id='word_1_149' title='bbox 1749 4327 1885 4377; x_wconf 78' lang='lat'>1902</span> <span class='ocrx_word' id='word_1_150' title='bbox 1912 4325 2362 4396; x_wconf 82' lang='lat' dir='ltr'>diligentissime</span> <span class='ocrx_word' id='word_1_151' title='bbox 2394 4323 2670 4376; x_wconf 85' lang='lat' dir='ltr'>disseruit</span> <span class='ocrx_word' id='word_1_152' title='bbox 2720 4339 2731 4376; x_wconf 72' lang='grc' dir='ltr'>ε</span> <span class='ocrx_word' id='word_1_153' title='bbox 2768 4339 2950 4392; x_wconf 87' lang='lat' dir='ltr'>quan-</span> 
     </span>
     <span class='ocr_line' id='line_1_21' title="bbox 495 4415 1877 4486; baseline -0.004 -17"><span class='ocrx_word' id='word_1_154' title='bbox 495 4434 662 4486; x_wconf 86' lang='lat' dir='ltr'>quam</span> <span class='ocrx_word' id='word_1_155' title='bbox 695 4433 789 4468; x_wconf 86' lang='lat' dir='ltr'>res</span> <span class='ocrx_word' id='word_1_156' title='bbox 821 4415 1134 4467; x_wconf 90' lang='lat' dir='ltr'>admodum</span> <span class='ocrx_word' id='word_1_157' title='bbox 1167 4416 1399 4468; x_wconf 84' lang='lat' dir='ltr'>diuersa</span> <span class='ocrx_word' id='word_1_158' title='bbox 1429 4415 1546 4467; x_wconf 89' lang='lat' dir='ltr'>illic</span> <span class='ocrx_word' id='word_1_159' title='bbox 1576 4418 1877 4470; x_wconf 81' lang='lat' dir='ltr'>tractatur.</span> 
     </span>
    </p>
   </div>
  </div>
 </body>
</html>
