3692 5643
1461 582 1848 632 CONCLvsm
2787 564 2880 635 95

429 737 844 835 gratissimo
947 737 1196 809 animo
1286 737 1603 834 benigne
1685 737 2039 810 intentam
2119 738 2195 810 in
2233 813 2237 816 ,
2282 739 2533 838 Pythii
2630 741 2880 814 sedem

428 863 959 960 imperatorum
1028 872 1098 933 et
1137 862 1568 960 praesertim
1619 861 1980 934 Hadriani
2037 873 2360 935 mentem
2403 878 2876 969 memoraret.

430 986 718 1074 Reuera
771 987 970 1058 enim
1055 986 1381 1058 uidimus
1451 1012 1736 1059 sacram
1794 985 2052 1059 urbem
2103 987 2601 1087 locupletibus
2668 990 2882 1063 donis

430 1111 876 1183 cumulatam
913 1111 1452 1209 magnificoque
1493 1110 1851 1183 suburbio
1889 1123 2178 1184 auctam
2206 1124 2275 1185 et
2304 1113 2549 1186 denuo
2581 1115 2884 1189 Graecis

431 1234 778 1307 omnibus
845 1235 1225 1333 religionis
1300 1236 1701 1308 sacrarium
1756 1237 2048 1309 factam.
2110 1238 2205 1310 Vt
2265 1238 2882 1312 caerimoniarum

432 1360 823 1459 participes
862 1370 1108 1432 essent
1140 1361 1499 1458 ludosque
1550 1361 2311 1460 spectarentundique
2348 1362 2885 1438 concurrebant

428 1485 766 1557 homines
849 1486 941 1557 ad
1015 1484 1332 1585 ὀμφαλὸν
1372 1494 1532 1583 γῆς,
1580 1485 2109 1558 aestimabatur
2142 1487 2444 1586 plurimi
2527 1490 2712 1562 ciuis
2813 1504 2885 1566 et
2946 1586 2951 1593 ‚

430 1609 788 1682 senatoris
894 1608 1213 1708 delphici
1316 1611 1579 1699 honOS,
1678 1612 1836 1683 laus
1927 1638 2017 1683 ex
2116 1612 2407 1709 Pythiis
2516 1627 2721 1713 parta
2814 1629 2886 1690 et

430 1735 1057 1832 Amphictyonica
1136 1734 1453 1831 dignitas
1528 1762 1674 1819 non
1743 1737 2178 1833 magnorum
2259 1736 2405 1810 iam
2490 1740 2883 1812 nominum
2986 1836 2991 1839 ι
3074 1764 3078 1769 ·

428 1859 734 1930 umbrae
776 1885 932 1930 esse
962 1859 1429 1932 uidebantur.
1469 1860 1707 1932 Maior
1741 1862 2094 1932 numerus
2133 1887 2429 1959 quoque
2468 1865 2702 1935 factus
2730 1860 2886 1937 erat

431 1977 689 2056 eorum
764 1984 890 2081 qui
953 1984 1199 2055 Deum
1251 1984 1581 2081 quotidie
1631 1983 1998 2067 colebant,
2037 1996 2108 2057 et
2164 1987 2456 2085 utrique
2524 1990 2884 2062 sacerdoti

431 2108 734 2180 aderant
770 2108 984 2179 multi
1019 2109 1148 2206 qui
1188 2109 1373 2179 nihil
1410 2110 1656 2206 potius
1687 2108 1778 2181 ab
1813 2111 2172 2182 Romanis
2210 2110 2621 2184 didicerant
2659 2139 2882 2210 quam

430 2243 710 2305 certum
787 2233 1363 2329 magistratuum
1453 2218 1792 2305 ordinem
1870 2235 2455 2307 observandum:
2497 2295 2503 2300 .
2552 2238 2879 2310 nobilem

431 2358 709 2429 scilicet
782 2358 1151 2455 Apollinis
1230 2385 1543 2457 puerum
1623 2359 2045 2458 Hosiosque
2105 2371 2177 2431 et
2251 2362 2504 2457 Pythii
2564 2353 2882 2435 σύνδικον

421 2480 723 2554 laudare
765 2493 875 2554 sat
913 2492 1045 2569 est,
1084 2483 1528 2580 quibuscum
1595 2486 1850 2584 ἀρχηίς
1906 2495 1978 2556 et
2023 2485 2316 2582 Pythia,
2359 2497 2439 2558 ut
2482 2499 2770 2560 ceteros
2809 2498 2883 2559 et

424 2607 656 2704 ipsius
689 2606 1060 2706 Apollinis
1097 2618 1169 2678 et
1206 2608 1476 2680 Bacchi
1525 2608 1905 2680 ministros
1941 2619 2503 2709 ceterorumque
2548 2612 2878 2684 Deorum

424 2732 838 2803 sacerdotes
923 2743 1402 2830 praeteream,
1492 2733 2068 2832 splendidiorem
2151 2760 2433 2807 sacram
2503 2762 2882 2835 pompam

424 2857 814 2928 faciebant.
878 2856 1245 2929 Ciuilibus
1311 2859 1533 2930 etiam
1582 2857 1804 2931 rebus
1870 2871 2255 2958 praeerant
2316 2886 2484 2946 cum
2528 2841 2945 2934 archonte*

425 2980 770 3053 buleutae
819 2992 1316 3080 prytanesque
1368 2994 1438 3054 et
1498 2984 1865 3081 demiurgi
1918 2984 2308 3083 insigniori
2362 2981 2742 3085 apparatu,
2805 2998 2886 3059 ut

426 3105 745 3196 uidetur,
790 3133 1013 3204 quam
1066 3107 1580 3204 superioribus
1606 3109 2095 3207 temporibus.

526 3230 740 3314 Quod
800 3231 1217 3328 significant
1275 3232 1417 3330 ipsi
1473 3232 1668 3304 tituli
1731 3234 1861 3330 qui
1913 3259 2061 3305 non
2121 3230 2369 3332 plures
2418 3245 2704 3307 tantum
2757 3236 2885 3308 sed

427 3348 659 3417 multo
735 3348 1145 3419 accuratius
1215 3374 1511 3446 quoque
1571 3358 1644 3419 et
1704 3352 2115 3447 elegantius
2172 3349 2309 3422 sub
2382 3352 2609 3459 finem
2662 3353 2885 3449 primi

426 3471 696 3543 saeculi
741 3472 1121 3569 magisque
1163 3473 1386 3544 etiam
1427 3498 1559 3571 per
1589 3475 1928 3560 alterum,
1971 3475 2141 3547 inde
2182 3474 2274 3547 ab
2301 3476 2620 3548 Traiano
2654 3475 2884 3550 ferme

429 3622 662 3693 usque
693 3596 785 3667 ad
825 3596 1267 3694 Septimium
1299 3598 1685 3683 Seuerum,
1721 3599 1936 3671 incisi
1984 3611 2188 3674 sunt.

525 3720 669 3792 Sed
710 3747 857 3792 non
890 3721 1195 3793 fortuito
1230 3723 1555 3819 quodam
1606 3750 1776 3795 casu
1813 3724 2075 3797 collata
2109 3736 2284 3796 sunt
2319 3735 2657 3824 tempora
2699 3752 2886 3823 quae

427 3856 593 3916 ante
624 3846 1083 3917 restitutores
1121 3847 1288 3918 illos
1324 3849 1595 3919 ueteris
1626 3847 1999 3946 θρησκείας
2038 3860 2110 3920 et
2147 3877 2334 3947 quae
2379 3861 2546 3949 post
2583 3850 2884 3922 eosdem

428 3968 658 4059 fuere,
730 3996 899 4041 cum
962 3981 1236 4043 statuas
1294 3970 1668 4069 Caligulae
1733 3973 1969 4044 sorori
2027 3984 2098 4045 et
2150 3975 2332 4073 imp.
2397 3974 2886 4047 Constantino

429 4094 691 4166 eodem
741 4095 961 4166 modo
1011 4096 1086 4165 in
1128 4096 1356 4193 gradu
1419 4097 1677 4196 templi
1725 4098 2004 4196 positas
2067 4125 2224 4171 esse
2275 4100 2882 4172 memorauimuS.

430 4219 595 4290 Non
663 4220 859 4289 enim
938 4220 1014 4291 in
1086 4231 1464 4292 aeternum
1558 4232 1639 4292 ut
1710 4223 2150 4295 Plutarchus
2235 4224 2506 4321 aliique
2586 4224 2887 4296 credere

425 4353 828 4441 potuerunt
855 4344 982 4415 sed
1014 4370 1160 4414 non
1195 4346 1427 4416 multo
1450 4346 1684 4443 magis
1709 4372 1934 4444 quam
1958 4357 2258 4418 centum
2290 4374 2524 4420 annos
2560 4348 2889 4445 Delphos
